2106 3450
399 254 425 296 8
723 253 951 297 CAPUT
986 252 1286 308 PRIMUM,
1329 252 1570 296 SECTIO
1608 252 1647 295 I.

397 382 588 426 tenore
636 391 923 426 causarum
973 374 1105 438 fluit,
1148 375 1192 426 si
1241 374 1475 426 Telluris
1525 373 1640 425 fata
1678 390 1751 424 ex
1790 372 1968 440 primo

398 461 633 512 stamine
660 460 920 521 evolvere,
949 478 1013 512 ac
1038 461 1213 528 ipsam
1249 478 1321 511 ex
1358 463 1455 511 sua
1489 460 1696 526 origine
1729 458 1969 520 lustrare,

398 547 612 611 animus
638 547 722 607 sit,
751 546 900 612 quod
926 547 996 597 ad
1024 547 1203 613 ipsum
1234 546 1420 598 Solem
1456 545 1839 596 recurrendum
1866 545 1935 595 sit
1957 562 1970 608 ;

398 648 526 682 nam
555 631 798 683 Effectus
825 639 909 682 est
938 625 1237 684 Causarum
1273 649 1305 682 a
1335 632 1511 698 prima
1545 631 1868 693 continuus;
1919 629 1968 681 &

401 716 580 769 Causa
618 735 715 784 per
749 734 916 784 quam
955 717 1215 778 subsistit,
1253 717 1600 767 continuatur
1640 716 1836 768 Causae
1873 731 1972 782 per

398 820 563 869 quam
591 804 781 854 existit
806 822 816 866 ;
856 810 938 853 est
965 803 1109 853 enim
1143 802 1510 854 Subsistentia
1534 808 1798 868 perpetua
1822 817 1970 866 quae-

398 888 527 939 dam
556 889 883 939 Existentia.

469 974 515 1025 8.
555 973 832 1025 Tellurem
861 975 1045 1040 itaque
1067 973 1304 1039 primum
1325 973 1379 1022 in
1399 990 1496 1023 suo
1517 980 1653 1034 ortu,
1673 972 1843 1023 aut'in
1870 988 1970 1022 suo

398 1075 516 1121 OVO,
548 1058 596 1109 &
621 1059 977 1125 postmodum
1005 1058 1059 1108 in
1086 1060 1185 1108 sua
1210 1057 1438 1108 infantia
1466 1074 1528 1108 ac
1556 1057 1699 1119 flore,
1726 1065 1971 1109 contem-

395 1143 609 1210 plemur
625 1161 637 1207 ;
677 1144 934 1211 deinceps
955 1160 1076 1194 eam
1104 1160 1202 1210 per
1226 1160 1323 1193 sua
1349 1143 1462 1194 fata
1488 1159 1807 1209 sequamur;
1846 1158 1969 1208 quae

394 1230 438 1279 si
478 1246 602 1279 curn
642 1229 720 1291 iis,
759 1246 882 1295 quae
919 1229 973 1278 in
1013 1227 1246 1294 speculis
1285 1229 1550 1278 universae
1590 1235 1797 1279 naturae
1841 1243 1969 1278 con-

393 1322 623 1376 tuemur,
666 1313 1037 1376 coinciderint‚
1080 1312 1314 1363 totidem
1348 1320 1507 1365 erunt
1543 1318 1968 1375 auctoramenta,
2034 1366 2037 1370 Α

394 1416 517 1465 quae
563 1399 689 1449 dein
734 1415 764 1449 e
809 1398 930 1449 loco
979 1399 1431 1463 consequentium
1483 1398 1537 1448 in
1588 1398 1768 1448 locum
1817 1404 1970 1448 ante-

393 1484 721 1545 cedentium,
768 1484 959 1534 ordine
1003 1490 1147 1534 retro
1191 1500 1362 1545 verso,
1406 1483 1747 1549 transcripta,
1792 1483 1968 1549 ipsam

391 1570 656 1635 originem
685 1587 756 1619 ex
783 1575 997 1620 suamet
1023 1570 1159 1619 serie
1184 1568 1579 1630 confirmatam,
1608 1567 1949 1619 concludent.

390 1708 639 1764 trajiciunt,
675 1707 952 1751 densitatem
990 1708 1030 1750 δι
1067 1707 1345 1761 columnam,
1377 1715 1475 1750 tum
1505 1707 1795 1764 aliquatenus
1826 1707 1968 1751 etiam

391 1776 646 1819 secundum
667 1790 846 1819 moram
868 1775 966 1831 ejus
990 1789 1127 1831 super
1146 1776 1461 1830 Horizontem‚
1479 1775 1520 1818 δι
1542 1790 1785 1819 occursum
1802 1775 1967 1819 caloris

389 1858 445 1888 ex
473 1844 654 1901 objecto
680 1845 970 1897 exhalanti53
1003 1844 1044 1887 δε
1073 1844 1273 1900 denique
1301 1844 1558 1889 secundum
1586 1844 1858 1887 distantiam
1885 1858 1967 1887 seu

390 1914 624 1969 angulum,
646 1927 785 1970 quem
810 1926 1008 1968 magnus
1031 1912 1128 1969 ejus
1156 1913 1309 1956 vultus
1340 1913 1606 1966 subtendit;
1637 1913 1816 1957 minore
1843 1913 1967 1957 enim

392 1983 570 2026 Caloris
591 1983 637 2025 vi
659 1982 873 2025 afflantur
909 1983 1113 2038 Corpora
1141 1982 1188 2024 in
1216 1989 1420 2025 extremo
1451 1981 1550 2038 ejus
1579 1982 1780 2025 universi
1807 1982 1967 2036 limite,

390 2066 532 2108 quarn
557 2066 661 2109 quae
691 2051 776 2094 sub
804 2051 902 2107 ejus
930 2051 1095 2095 intuitu
1112 2045 1279 2096 ,errarit
1295 2067 1307 2103 3
1341 2065 1482 2108 quare
1513 2051 1592 2094 Sol
1620 2051 1840 2107 indigena
1865 2051 1967 2095 haec

393 2121 609 2176 Corpora,
627 2120 789 2164 Calore
803 2133 862 2162 ex
872 2133 1041 2176 magno
1056 2132 1139 2162 suo
1155 2120 1265 2162 sinu
1281 2122 1544 2176 erumpente
1545 2120 1696 2175 fovet,
1711 2119 1966 2163 secundum

390 2189 769 2245 propositionem.
814 2189 1009 2244 Insuper
1024 2188 1164 2231 etiam
1180 2188 1268 2231 illa
1284 2189 1608 2231 venustissimo
1625 2189 1798 2232 amictu
1814 2193 1966 2242 ornat,

388 2271 499 2299 nam
525 2250 755 2300 Universa
776 2257 973 2301 Telluris
999 2256 1141 2300 facies
1163 2270 1268 2299 cum
1290 2257 1384 2300 suis
1405 2257 1542 2315 arvis,
1564 2257 1720 2300 viretis
1742 2258 1783 2301 δι
1805 2258 1966 2313 hortis,

391 2326 452 2369 ad
489 2340 634 2370 novos
671 2326 838 2369 caloris
875 2326 974 2382 ejus
1010 2326 1255 2382 aspiratus,
1288 2334 1494 2382 tempore
1535 2326 1712 2370 scilicet
1752 2326 1886 2371 Veris
1923 2327 1965 2370 &

389 2394 603 2449 AEstatis,
631 2394 907 2447 efflorescit3
939 2394 980 2437 ἅ
1010 2394 1205 2449 singula,
1237 2408 1340 2450 quae
1369 2394 1536 2438 faciem
1565 2395 1702 2438 istam
1729 2395 1964 2450 amiciunt,

389 2463 574 2506 tametsi
606 2463 847 2518 exstincta,
877 2477 904 2507 e
930 2463 1116 2506 tumulis
1146 2463 1239 2505 suis
1268 2463 1400 2518 quasi
1434 2462 1481 2504 in
1512 2462 1656 2505 vitam
1690 2471 1963 2519 resurgunt;

389 2539 596 2575 actutum
613 2545 733 2586 vero,
745 2532 855 2575 dum
873 2532 952 2575 Sol
967 2545 995 2573 a
1008 2531 1193 2575 Vertice
1207 2531 1460 2584 descendit,
1470 2531 1511 2574 ἃ
1523 2545 1605 2587 per
1618 2531 1963 2575 inclinationem

392 2600 524 2642 Plani
550 2601 859 2644 Horizontalis
882 2599 1098 2642 humilior
1124 2600 1342 2654 redditur,
1364 2599 1559 2643 subeunt
1588 2600 1772 2655 frigora,
1794 2600 1962 2657 quibus

391 2668 599 2724 subjecta
622 2668 772 2723 Regni
792 2668 1079 2724 Vegetabilis
1101 2668 1392 2722 occumbunt,
1415 2667 1456 2711 δε
1477 2668 1613 2711 morti
1643 2669 1933 2723 resignantur
1950 2681 1963 2718 ;

388 2738 454 2780 ita
473 2737 657 2780 Incolas
666 2738 871 2793 perenni
887 2738 1015 2780 victu
1037 2751 1093 2781 ex
1120 2737 1295 2792 gremio
1322 2737 1518 2780 Telluris
1553 2737 1751 2781 excitato
1779 2739 1965 2790 nutrit;

390 2806 431 2848 ἃ
453 2805 602 2847 vitam
623 2819 780 2847 eorum
791 2808 1033 2862 prorogat.
1079 2806 1307 2848 Praeterea
1327 2805 1469 2848 etiam
1488 2805 1572 2848 dat
1599 2806 1835 2862 Tempora,
1857 2820 1962 2863 quae

388 2888 444 2917 ox
487 2873 593 2916 Sole
626 2873 813 2917 trahunt
851 2887 934 2916 sua
969 2873 1172 2916 maxima
1203 2873 1245 2916 δε
1274 2873 1466 2916 minima
1496 2881 1749 2928 momenta,
1779 2873 1821 2917 δε
1852 2866 1960 2917 suas

387 2942 511 2988 vices
529 2958 541 2996 3
577 2942 758 2987 Saecula
779 2942 903 2987 enim
925 2956 1030 2987 cum
1051 2941 1144 2985 suis
1167 2941 1317 2997 annis,
1337 2941 1461 2985 Anni
1484 2956 1589 2986 cum
1611 2942 1705 2986 suis
1727 2942 1903 2997 diebus,
1918 2943 1961 2987 ἃ
