2106 3450
412 262 465 292 10
730 253 959 299 CAPUT
992 255 1289 312 PRIMUM,
1331 256 1574 301 SECTIO
1613 258 1653 302 I.

406 374 554 441 quod
597 392 667 426 ex
701 375 785 427 his
825 376 1082 428 fluoribus
1123 379 1339 430 tractim
1383 379 1728 431 condensatis
1770 379 1969 431 circum

402 461 674 513 exstiterit
700 463 1023 514 nebulosum
1059 481 1381 530 expansum,
1408 466 1554 532 quod
1590 473 1854 532 tanquam
1893 465 1972 516 al-

404 546 641 613 buginea
677 565 858 599 massa
891 566 1014 599 cum
1051 549 1260 601 incluso
1289 550 1438 612 Sole,
1468 551 1789 602 MAXIMUM
1819 551 1971 603 UNI-

404 642 581 684 VERSI
610 633 812 696 OVUM‚
842 634 1095 699 referret3
1134 642 1252 686 tum
1288 636 1436 702 quod
1470 635 1630 702 hujus
1663 635 1971 703 superficies

405 717 627 769 demum
656 720 968 787 interceptis
997 721 1172 783 radiiS,
1203 720 1250 771 &
1284 721 1516 781 occlusis
1546 721 1838 788 spiraculiS,
1864 729 1972 774 tra-

402 802 557 854 heret
582 812 832 867 crustam,
863 807 1015 872 quasi
1043 814 1259 869 testam,
1286 824 1452 873 quam
1482 807 1592 869 Sol,
1621 807 1753 858 dum
1785 814 1972 873 partus

403 888 630 940 instaret
673 898 908 957 tempuS,
953 892 1098 941 intus
1143 899 1380 942 aestuans
1419 891 1467 943 ἃ
1507 900 1830 955 tumescenS,
1864 893 1974 944 dis-

404 982 691 1041 rumperet,
721 975 768 1026 &
795 977 871 1027 sic
897 984 980 1026 tot
1007 977 1323 1027 excluderet
1359 978 1575 1040 FoetuS,
1602 986 1738 1044 quot
1765 978 1882 1045 jam
1917 978 1972 1028 in

404 1059 519 1125 ejus
550 1061 818 1112 Universo
845 1062 1250 1128 conspiciuntur
1276 1051 1466 1125 Mole'S,
1493 1080 1615 1129 quae
1642 1080 1766 1114 eum
1794 1062 1973 1114 adhuc

404 1153 464 1196 ut
479 1145 765 1197 Parentem
781 1147 1081 1212 suspiciunt
1098 1147 1194 1214 (d).
1223 1146 1441 1199 Similes
1452 1148 1676 1199 omnino
1689 1155 1803 1199 tam
1820 1165 1974 1215 mag-

404 1231 487 1280 nis
527 1248 692 1296 quam
734 1231 1030 1282 minoribus
1069 1232 1330 1296 subjectis
1370 1233 1510 1283 intra
1547 1233 1818 1300 sphaeram
1853 1233 1973 1300 ejus

404 1317 613 1379 Mundi,
638 1317 685 1367 &
707 1316 867 1382 hujus
894 1317 948 1367 in
974 1317 1193 1367 Tellure
1219 1318 1383 1368 trium
1412 1318 1743 1385 Regnorum,
1763 1320 1875 1370 sive
1900 1336 1973 1370 ex

404 1410 570 1463 utero,
622 1404 828 1453 semine
877 1410 973 1453 aut
1019 1420 1138 1466 OVO,
1183 1410 1491 1465 nascuntur,
1536 1403 1674 1455 ratio
1724 1412 1973 1466 constat;

392 1503 529 1538 'nam
555 1495 681 1538 sunt
709 1488 874 1538 modo
901 1488 1019 1554 typi
1047 1489 1117 1538 ad
1145 1488 1326 1538 ideam
1352 1488 1588 1539 Maximi
1615 1488 1801 1550 efficti;
1842 1489 1891 1540 &
1917 1490 1972 1541 in

402 1589 474 1635 se,
513 1574 733 1623 tametsi
773 1574 827 1623 in
861 1574 1087 1639 parvula
1125 1573 1316 1640 effigie,
1343 1574 1652 1624 universum
1692 1573 1971 1642 quoddam

401 1658 654 1718 referunt,
683 1657 730 1708 &
760 1658 1086 1708 aemulantur
1109 1658 1186 1724 (e).

452 1784 523 1840 (d)
545 1784 727 1828 Similes
741 1785 880 1827 etiam
897 1784 1249 1827 incrustationes
1265 1797 1359 1826 non
1374 1783 1438 1827 ita
1452 1783 1764 1841 infrequenter
1778 1785 1826 1828 in
1844 1786 1971 1830 Caelo

405 1854 632 1898 Stellifero
682 1853 952 1910 apparuisse
993 1860 1212 1905 constat3
1266 1861 1515 1909 conspecta
1555 1854 1680 1896 enim
1719 1854 1972 1910 aliquando

401 1923 585 1966 fuerunt
625 1937 746 1965 nova
789 1922 965 1975 Sidera,
1002 1921 1255 1964 admodum
1295 1921 1430 1964 rutile
1472 1921 1750 1977 effulgentia,
1787 1923 1829 1966 &
1863 1937 1973 1967 mox

401 1991 643 2048 paullatim
665 1991 1052 2045 obscurescentia,
1075 1990 1373 2046 postmodum
1393 1990 1467 2034 vel
1489 1990 1536 2033 in
1566 1990 1809 2047 pristinum
1834 1991 1973 2048 jubar

401 2060 608 2115 rediisse,
630 2060 704 2102 vel
726 2073 913 2115 prorsus
943 2059 1214 2111 evanuisse3
1247 2058 1470 2102 indicium
1497 2073 1592 2101 non
1621 2060 1686 2102 ita
1715 2059 1971 2116 indubium,

402 2129 527 2186 quod
561 2129 722 2173 Sidera
752 2129 840 2171 ista
870 2143 899 2171 a
930 2128 1140 2171 confluxu
1168 2128 1371 2184 partium
1393 2129 1453 2171 ab
1474 2129 1767 2172 exhalatione
1788 2130 1972 2174 illorum

400 2199 714 2252 excitatarum,
729 2197 864 2240 simili
880 2196 1034 2240 crusta
1049 2197 1249 2240 obducta
1263 2197 1444 2251 fuerint,
1455 2210 1558 2253 quae
1571 2197 1643 2240 vel
1657 2197 1970 2255 dissiparetur,

401 2268 474 2312 vel
494 2281 681 2323 prorsus
711 2281 765 2309 ea
792 2265 1112 2319 absconderet,
1136 2265 1176 2308 δε
1207 2265 1273 2308 sic
1305 2265 1449 2308 oculis
1481 2265 1649 2329 nostris
1682 2266 1969 2316 subduceret,

403 2338 632 2380 Praeterea
654 2336 691 2379 si
713 2336 989 2378 immensam
1013 2334 1131 2378 Solis
1160 2333 1526 2389 magnitudinem
1554 2347 1660 2376 cum
1689 2334 1970 2391 Corporibus

401 2405 684 2463 planetariis,
716 2418 819 2461 quae
850 2404 1021 2447 circum
1053 2417 1160 2446 eum
1191 2403 1443 2456 ambulant,
1476 2416 1814 2458 comparamus,
1834 2404 1970 2448 facile

401 2489 484 2532 per
523 2474 672 2517 levem
713 2473 942 2516 calculum
978 2472 1140 2516 instrui
1176 2485 1436 2528 possumus,
1473 2471 1597 2527 quod
1628 2471 1734 2514 talis
1768 2473 1972 2518 ambitus

401 2551 555 2588 crusta
585 2550 653 2586 tot
684 2542 724 2585 ἃ
761 2542 902 2584 tantis
942 2541 1221 2598 Corporibus
1250 2540 1494 2596 gignendis
1531 2539 1799 2584 suffecisset.
1863 2542 1971 2585 Hoc

404 2614 558 2657 Ovum
595 2612 680 2655 fuit
722 2611 876 2654 Chaos
918 2611 1030 2653 illud
1072 2610 1181 2652 olim
1221 2609 1451 2665 hodieque
1497 2616 1594 2652 tam
1637 2608 1881 2664 famosum,
1921 2610 1969 2653 in

401 2682 526 2739 quod
564 2681 811 2724 Elementa
851 2693 1002 2721 rerum
1038 2685 1258 2733 congesta
1292 2677 1433 2721 fuisse
1472 2677 1680 2732 traditur,
1717 2691 1821 2734 quae
1860 2678 1969 2722 dein

402 2752 450 2794 in
481 2749 838 2806 pulcherrimum
869 2747 1094 2804 disposita
1125 2746 1334 2790 ordinem
1366 2745 1596 2789 Mundum
1626 2753 1834 2789 nostrum
1864 2761 1969 2803 pro-

404 2822 636 2865 ducerent.
1431 2812 1435 2815 ”

464 2888 517 2945 (e)
545 2887 815 2932 Communis
837 2893 927 2929 stat
955 2884 1196 2940 sententia,
1220 2883 1344 2940 quod
1374 2882 1489 2926 nihil
1519 2896 1614 2925 non
1644 2895 1699 2926 ex
1731 2883 1833 2927 Ovo
1862 2898 1968 2929 nas-

404 2967 533 3004 catur
550 2973 562 3011 ;
609 2957 726 3000 sicut
767 2956 907 3000 etiam
948 2954 1168 3010 Vivipara
1211 2952 1362 3009 Regni
1401 2951 1645 3007 Animalis,
1681 2952 1880 3008 primum
1919 2954 1967 2998 in
