2106 3450
428 243 527 286 DE
566 242 913 286 JNFANTJA
957 243 1441 288 PRJMOGENJTI.
1672 254 1728 300 73

145 364 314 416 modo
343 365 649 428 Intellectu,
676 366 772 416 sed
806 367 973 417 etiam
999 367 1304 418 Voluntate
1331 368 1593 419 adornavi
1616 385 1627 430 ;
1665 385 1729 418 ac

144 452 222 503 ita
261 450 395 502 fines
441 468 592 502 meos
635 452 828 502 vestris
873 452 1109 502 arbitriis
1155 452 1377 518 subjeci.
1455 453 1567 505 Sed
1609 453 1728 504 Vos

144 537 342 588 iterum
382 536 431 588 &
475 537 672 588 iterum
711 554 903 604 precor
942 536 991 588 &
1031 538 1294 601 obtestor,
1335 555 1403 589 ne
1440 538 1608 589 alium
1648 538 1728 589 in-

144 674 348 730 minatae,
361 674 504 718 edunt
521 689 532 727 ;
565 687 651 718 nec
665 674 858 718 Viscera
872 675 1013 719 totius
1034 675 1265 732 Corporis,
1279 675 1398 719 ullas
1417 676 1727 732 operationes,

143 743 233 788 nisi
254 758 338 800 per
359 743 530 788 similes
552 744 845 790 mutationeS.
911 746 1015 801 Quo
1044 754 1201 789 autem
1235 745 1522 789 Substantiae
1552 746 1728 801 priores

143 821 224 858 aut
245 813 504 870 superiores
527 821 648 868 sunt,
671 827 726 857 eo
748 828 841 856 non
867 815 1015 858 solum
1046 814 1264 870 habilius,
1287 814 1370 858 sed
1398 814 1564 869 modiS,
1587 822 1636 857 ut
1664 814 1729 857 ita

143 882 311 937 dicam,
333 881 674 938 infinitioribus,
697 897 804 926 suas
826 883 999 927 formas
1026 884 1220 938 variare,
1243 898 1323 927 seu
1353 891 1500 927 status
1533 892 1728 938 mutare,

142 959 352 1009 possunt,
373 951 493 996 adeo
514 961 563 996 ut
586 953 633 995 in
656 954 883 1009 supremis
906 962 1036 997 tanta
1059 954 1117 997 sit
1139 953 1348 1010 potentia
1378 953 1481 996 illas
1503 953 1728 1007 variandi,

142 1028 194 1065 ut
230 1035 418 1065 omnem
453 1022 700 1078 calculum,
731 1037 784 1066 ac
817 1036 979 1066 omnes
1013 1022 1223 1066 omnium
1255 1023 1538 1065 calculorum
1570 1022 1727 1077 series,

143 1090 372 1135 excedant
389 1107 400 1144 ;
434 1105 544 1134 nam
565 1092 668 1148 ipsa
689 1091 870 1135 illarum
890 1091 1127 1149 perfectio,
1146 1091 1254 1148 quia
1270 1091 1497 1145 activitas,
1517 1091 1562 1133 in
1579 1090 1728 1133 varia-

142 1159 322 1204 bilitate
344 1173 439 1203 suae
460 1159 622 1204 formae
645 1160 865 1204 consistit.
918 1162 986 1204 Ut
1006 1175 1088 1218 per
1109 1161 1315 1217 aliquam
1332 1160 1500 1216 ideam,
1517 1160 1727 1203 Variatio

142 1228 233 1272 ista
255 1230 686 1287 comprehendatur,
706 1231 766 1274 sit
790 1231 959 1274 Forma
976 1231 1214 1275 circularis
1231 1230 1427 1286 exempli
1444 1231 1561 1285 loco,
1579 1230 1658 1273 illa
1680 1231 1728 1273 in

141 1298 294 1342 nullas
334 1313 430 1342 non
471 1299 651 1356 species
695 1300 957 1356 Ellipsium,
995 1301 1267 1357 Cycloidum
1304 1300 1345 1343 &
1385 1300 1642 1343 Curvarum
1679 1314 1729 1343 se

141 1368 315 1424 patitur
343 1368 540 1421 variari;
573 1368 676 1425 ipsa
708 1369 899 1425 Ellipsis
932 1369 979 1412 in
1011 1369 1217 1412 infinitas
1252 1369 1321 1412 sui
1355 1369 1528 1412 similes
1562 1369 1603 1412 δε
1637 1369 1729 1412 dis-

143 1437 319 1481 similes
338 1453 350 1491 ;
383 1438 555 1481 Forma
575 1452 684 1482 vero
706 1446 927 1495 perpetuo
950 1438 1185 1482 circularis
1209 1452 1290 1481 seu
1313 1438 1510 1495 spiralis,
1533 1452 1637 1495 quae
1659 1446 1729 1482 est

143 1507 365 1564 superior,
387 1508 434 1551 in
456 1508 609 1551 adhuc
631 1509 799 1564 plures,
822 1508 933 1565 quia
963 1522 1059 1551 non
1090 1508 1359 1552 immediate
1391 1508 1578 1551 unicum
1609 1508 1728 1551 Cen-

142 1584 280 1633 trum,
301 1585 351 1622 ut
382 1577 538 1629 fixum,
567 1578 650 1621 sed
682 1578 910 1633 integrum
942 1579 1177 1634 quendam
1210 1578 1444 1633 circulum,
1476 1585 1555 1620 aut
1586 1577 1725 1620 aliam

144 1659 334 1690 curvam
350 1660 376 1691 e
393 1646 568 1690 familia
586 1647 890 1702 circularium,
907 1647 1051 1690 centri
1067 1647 1186 1701 loco,
1201 1646 1388 1703 respicit
1402 1663 1414 1700 3
1438 1646 1546 1690 inde
1560 1647 1728 1690 crescit

142 1715 223 1759 illa
243 1714 342 1772 ejus
363 1716 573 1773 potentia
598 1716 750 1759 adhuc
774 1716 820 1758 in
844 1716 1082 1772 quandam
1111 1716 1389 1760 infinitatem
1409 1732 1421 1769 ;
1453 1716 1517 1759 ita
1545 1729 1729 1772 semper

141 1785 341 1841 amplius
372 1785 420 1828 in
453 1784 635 1828 Formis
666 1785 819 1828 adhuc
852 1785 1178 1841 superioribus.
1243 1786 1361 1829 Sunt
1393 1785 1548 1842 itaque
1578 1785 1725 1828 reales

141 1853 416 1908 activitateS,
431 1867 536 1910 quae
551 1861 736 1898 nostras
753 1854 882 1898 ideas
899 1854 1175 1911 producunt,
1190 1854 1231 1898 ἃ
1246 1855 1434 1911 quidem
1451 1862 1547 1898 tam
1563 1855 1727 1907 reales,

141 1930 192 1967 ut
222 1922 285 1966 ad
314 1930 516 1980 captum,
540 1923 634 1966 imo
666 1924 727 1966 ad
758 1923 923 1979 visum,
955 1923 1262 1967 demonstrari
1295 1931 1498 1980 queant:
1531 1924 1726 1980 proinde

144 1992 414 2036 Intellectus
449 1993 510 2036 ab
552 1992 866 2036 activitatibus
904 2006 1001 2036 suae
1041 1992 1217 2048 formae,
1255 1993 1372 2036 sicut
1414 1994 1555 2036 Visus
1592 2008 1620 2036 a
1655 1993 1726 2036 sui

143 2062 293 2118 Oculi,
325 2062 367 2106 δε
402 2063 559 2106 Motus
591 2077 620 2106 a
651 2062 721 2106 sui
758 2063 974 2118 Musculi,
1006 2061 1135 2115 fluit3
1168 2076 1310 2119 quare
1342 2063 1418 2107 ille
1450 2077 1535 2107 nec
1567 2062 1726 2106 incon-

140 2131 379 2175 venienter
390 2139 583 2175 vocatur
595 2131 735 2174 Visus
754 2131 953 2174 interior.
1000 2132 1091 2174 Hae
1111 2131 1402 2175 Variationes
1419 2146 1513 2174 non
1531 2131 1727 2176 existere

140 2208 337 2257 possunt
357 2200 404 2243 in
425 2200 575 2257 prima
596 2199 755 2243 nostra
776 2199 985 2255 infantia,
1004 2214 1114 2243 nam
1136 2200 1184 2243 in
1205 2214 1284 2244 eas
1302 2214 1384 2256 per
1406 2201 1725 2245 sensationum

141 2277 404 2313 nostrarum
427 2269 662 2324 influxum,
685 2269 762 2325 qui
785 2269 835 2312 fit
858 2269 1113 2312 secundum
1136 2269 1275 2313 fibras
1306 2269 1353 2312 in
1375 2269 1477 2326 ipsa
1498 2270 1728 2327 principia

142 2338 375 2394 fibrarum,
388 2338 467 2382 ubi
484 2338 583 2395 ipse
604 2338 870 2382 Intellectus
887 2338 1072 2393 residet,
1088 2338 1420 2394 inaugurandae
1438 2348 1557 2384 sunt.
1603 2341 1726 2396 Ipsae

140 2421 251 2451 vero
268 2408 693 2452 Determinationes
710 2408 958 2451 voluntatis
977 2408 1023 2450 in
1041 2415 1185 2462 actus,
1199 2408 1340 2451 etiam
1358 2417 1478 2464 sunt,
1493 2409 1540 2452 in
1557 2409 1725 2454 iisdem

141 2477 382 2535 principiis
417 2478 724 2533 Organorum,
747 2477 1043 2521 Variationes
1075 2491 1157 2520 seu
1192 2478 1491 2535 Mutationes,
1515 2479 1597 2523 sed
1629 2494 1723 2523 non

141 2547 272 2602 taleS,
287 2547 448 2604 quales
471 2555 577 2590 sunt
598 2547 934 2603 perceptiones,
949 2546 1319 2603 imaginationes,
1335 2547 1376 2591 δε
1394 2549 1697 2604 cogitationes
1712 2565 1724 2602 ;

143 2622 250 2658 sunt
271 2615 397 2659 enirn
417 2615 712 2659 Variationes
735 2615 1055 2671 dimensionis,
1078 2629 1159 2659 seu
1190 2616 1513 2672 Expansiones
1537 2618 1578 2661 δε
1603 2618 1726 2661 Con-

142 2684 404 2728 strictiones
431 2684 594 2728 formae
624 2684 777 2737 datae3
809 2698 920 2727 nam
948 2699 1031 2741 per
1060 2684 1177 2740 illas,
1210 2685 1330 2730 sicut
1360 2686 1559 2742 Sanguis
1590 2701 1616 2731 e
1641 2701 1725 2730 suo

146 2754 297 2798 Corde
318 2754 365 2797 in
387 2754 606 2810 Arterias‚
630 2754 694 2797 ita
717 2754 929 2810 Spiritus,
943 2754 1158 2798 animalis
1181 2754 1346 2809 dictus,
1363 2770 1389 2799 a
1413 2756 1507 2799 suis
1529 2756 1724 2799 corculis

144 2836 226 2866 seu
267 2822 538 2866 substantiis
581 2822 877 2865 corticalibus
913 2822 962 2865 in
999 2821 1154 2877 fibras,
1187 2823 1248 2866 ad
1279 2824 1550 2867 excitandos
1594 2825 1723 2866 Mus-

143 2892 286 2947 culos‚
303 2891 570 2948 exprimitur
592 2906 601 2936 :
632 2890 758 2949 quod
778 2892 844 2935 ita
866 2891 938 2948 sit,
956 2891 1108 2935 omnis
1132 2892 1431 2950 Experientia
1453 2893 1494 2938 &
1518 2893 1722 2939 Scientia

143 2960 399 3006 confirmat.
