2106 3450
363 294 446 338 140
601 285 831 330 CAPUT
865 286 1268 344 SECUNDUM,
1307 287 1551 333 SECTIO
1592 289 1687 334 III.

356 405 600 473 pluribus
626 424 796 459 unum
822 408 882 460 fit
908 426 1006 476 per
1031 426 1356 462 consensum
1396 410 1444 462 &
1479 411 1844 475 concordiam,
1872 411 1930 463 id

358 499 455 555 est,
481 509 578 559 per
613 494 1049 558 unanimitatem,
1083 513 1182 548 nec
1221 514 1453 564 usquam
1493 497 1677 564 aliqua
1718 497 1931 550 Unani—

359 577 536 641 mitaS,
557 579 657 630 nisi
677 597 775 646 per
793 580 1075 633 Amorem.
1129 582 1221 633 Ex
1240 582 1324 633 his
1340 583 1456 649 jam
1478 591 1729 635 constare
1748 583 1929 646 debet,

358 663 508 730 quod
541 665 749 732 absque
787 666 998 718 Amore
1031 667 1180 719 nulla
1213 668 1284 719 sit
1316 668 1483 732 Vita3
1523 667 1572 720 &
1614 668 1764 736 quod
1804 668 1932 721 talis

358 748 490 800 Vita
516 751 599 813 sit,
625 751 801 818 qualis
828 759 912 804 est
937 752 1130 805 Amor.

430 834 512 888 68.
556 837 696 889 Cum
724 838 908 904 itaque
933 840 1104 890 vitam
1131 839 1368 902 AmoriS,
1398 840 1446 892 &
1479 858 1551 892 ex
1579 858 1644 892 eo
1671 848 1931 903 nostram,

357 921 622 987 vivimus3
676 923 725 975 &
770 925 890 975 Nos
932 924 1229 992 Sapientiae
1273 925 1321 977 81
1366 926 1765 993 Intelligentiae,
1807 943 1931 994 quae

358 1014 511 1059 tuam
540 1009 788 1061 Mentem
815 1010 1148 1072 conficimuS‚
1177 1012 1231 1061 in
1258 1010 1406 1062 fibris
1438 1028 1502 1063 ac
1535 1013 1687 1063 venis
1721 1019 1934 1063 nostro-

359 1109 478 1145 rum
504 1112 808 1162 corporum,
835 1112 945 1147 non
971 1097 1306 1163 sanguinem,
1335 1097 1431 1148 sed
1459 1114 1722 1160 amorem,
1748 1097 1820 1149 ab
1847 1097 1934 1149 Eo

363 1179 494 1246 Ipso
537 1181 776 1232 infusum
821 1180 870 1232 &
915 1182 1313 1246 continuatum,
1359 1182 1580 1234 ferimus
1595 1182 1708 1251 (m),
1747 1189 1935 1235 nostra

421 1333 503 1390 (m)
538 1335 733 1390 Dicitur,
769 1335 895 1393 quod
933 1335 1184 1392 Sapientiae
1223 1350 1279 1380 ac
1318 1336 1657 1393 Intelligentiae,
1691 1350 1774 1381 seu
1809 1336 1937 1394 quod

360 1402 525 1447 eodem
547 1404 722 1460 recidit,
740 1405 879 1448 Mens
899 1412 1072 1460 nostra,
1089 1404 1219 1461 cujus
1241 1413 1312 1449 est
1338 1406 1605 1449 Intellectus
1628 1406 1669 1450 &
1689 1405 1935 1462 Voluntas,

360 1485 455 1514 non
481 1472 623 1515 alium
655 1473 929 1529 sanguinem
960 1487 1041 1517 seu
1072 1474 1298 1530 spiritum,
1320 1474 1367 1517 in
1400 1475 1494 1518 suis
1515 1475 1662 1519 Venis
1694 1474 1736 1518 &
1769 1474 1938 1530 Fibris,

361 1554 503 1597 quam
523 1542 758 1598 Amorem,
781 1557 863 1586 seu
883 1543 1029 1586 vitam
1050 1542 1160 1599 ejus,
1183 1543 1333 1587 ferant
1353 1559 1363 1596 ;
1395 1543 1443 1587 id
1465 1543 1654 1600 quidem
1682 1558 1711 1587 a
1741 1543 1936 1588 Phaeno-

359 1610 510 1654 menis
531 1611 740 1654 omnium
763 1611 1026 1656 Effectuum
1048 1612 1372 1666 confirmatur;
1402 1627 1564 1657 verum
1578 1620 1629 1656 ut
1645 1612 1771 1656 idem
1792 1614 1935 1657 etiam

361 1680 665 1737 aliquatenus,
705 1695 789 1737 per
828 1681 979 1738 ipsam
1019 1682 1298 1736 Anatomen,
1339 1690 1509 1739 pateat,
1551 1682 1690 1726 liceat
1729 1682 1936 1739 aliquam

360 1749 517 1793 ideam
544 1749 833 1794 formationis
861 1757 1033 1794 nostrae
1064 1750 1238 1794 Mentis
1266 1750 1461 1795 tradere.
1526 1750 1779 1795 Neminem
1807 1751 1936 1805 latet,

361 1818 487 1874 quod
508 1819 665 1862 omnia
685 1827 844 1863 nostra
867 1820 1068 1875 Organa,
1086 1827 1182 1863 tarn
1203 1819 1419 1863 Sensoria
1440 1834 1581 1876 quarn
1601 1820 1818 1876 Motoria,
1835 1827 1935 1864 tum

362 1886 503 1930 etiam
538 1887 746 1942 Viscera,
777 1901 910 1931 suam
940 1887 1165 1931 fabricam
1196 1901 1250 1931 ex
1280 1888 1407 1931 fibris
1439 1888 1480 1931 &
1511 1888 1636 1932 vasis
1668 1887 1936 1944 sanguineis

362 1963 627 1999 contextam
656 1963 822 2011 gerant
839 1972 852 2010 ;
882 1956 920 2000 si
950 1956 1036 1999 has
1067 1956 1221 2011 fibras,
1251 1970 1356 2012 quae
1387 1956 1557 2012 omnia,
1581 1956 1623 2000 δε
1654 1956 1791 2000 simul
1821 1969 1937 2000 vasa

362 2024 632 2079 sanguinea,
663 2025 957 2079 concinnant,
988 2038 1135 2081 usque
1165 2025 1226 2068 ad
1257 2038 1341 2068 sua
1376 2025 1616 2082 principia,
1647 2038 1728 2069 seu
1759 2025 1936 2082 primos

364 2100 505 2149 ortus,
537 2094 803 2137 continente
834 2094 990 2149 ductu,
1020 2093 1351 2150 persequimur,
1383 2094 1683 2138 manifestum
1713 2093 1935 2149 redditur,

363 2161 490 2217 quod
515 2175 676 2206 omnes
708 2161 755 2204 in
789 2161 1046 2205 Glandulas
1080 2162 1348 2217 CorticaleS,
1371 2162 1418 2204 in
1442 2161 1656 2216 Cerebro,
1681 2162 1935 2217 Cerebello‚

366 2231 575 2275 Medulla
601 2231 868 2288 Oblongata
894 2239 974 2275 aut
1003 2231 1194 2288 Spinali,
1217 2231 1445 2287 desinant,
1468 2231 1510 2275 δε
1538 2231 1605 2275 sic
1631 2244 1688 2275 ex
1716 2230 1773 2275 iis
1801 2230 1936 2287 origi-

364 2314 472 2344 nem
493 2315 626 2344 suam
646 2301 832 2345 trahant
849 2317 860 2353 ;
894 2314 1036 2358 quare
1057 2314 1125 2344 eae
1145 2301 1260 2357 ipsae
1287 2299 1534 2356 glandulae,
1557 2313 1660 2356 quae
1681 2306 1788 2342 sunt
1809 2299 1932 2356 prin·

365 2370 487 2426 cipia
522 2370 754 2425 fibrarum,
786 2369 928 2414 etiam
962 2369 1190 2426 principia
1221 2377 1327 2413 sunt
1357 2368 1566 2412 omnium
1596 2367 1935 2424 operationum,

366 2453 471 2496 quae
491 2453 575 2495 per
596 2438 735 2482 fibras
764 2438 1020 2482 excitantur
1047 2438 1089 2482 &
1117 2445 1415 2490 exercentur3
1446 2437 1641 2494 proinde
1669 2435 1717 2479 in
1746 2435 1802 2480 iis
1830 2444 1939 2481 sunt

364 2507 592 2566 principia
621 2516 883 2551 nostrarum
916 2508 1158 2563 Mentium,
1187 2507 1393 2563 ipsaeque
1426 2507 1623 2560 Mentes,
1645 2518 1757 2548 narn
1787 2504 1849 2548 ad
1879 2518 1936 2549 ea

365 2578 563 2621 subeunt
584 2591 746 2621 omnes
768 2577 1070 2631 sensationes,
1089 2577 1130 2620 &
1151 2590 1207 2621 ex
1228 2576 1283 2620 iis
1305 2576 1451 2619 fluunt
1472 2588 1633 2618 omnes
1654 2573 1936 2618 determina-

364 2646 514 2691 tiones
535 2645 785 2689 voluntatis
807 2645 855 2688 in
876 2659 985 2688 suos
1013 2653 1144 2689 actus
1164 2661 1175 2698 ;
1205 2659 1293 2689 nec
1316 2645 1452 2688 datur
1472 2643 1580 2686 alibi
1602 2642 1707 2686 finis
1728 2642 1770 2686 &
1791 2643 1936 2699 origo,

364 2728 507 2772 quare
528 2714 583 2757 iis
605 2714 864 2768 destructis,
887 2722 966 2758 aut
987 2714 1114 2758 fibris
1137 2714 1371 2769 abscissis,
1393 2726 1497 2770 quae
1524 2712 1587 2755 ad
1615 2711 1805 2767 Organa
1834 2725 1936 2756 sen-

364 2784 501 2839 soria,
521 2783 594 2826 vel
615 2783 675 2827 ad
700 2783 953 2838 Musculos,
975 2783 1186 2838 tendunt,
1207 2789 1401 2839 pereunt
1429 2781 1552 2825 illico
1582 2779 1872 2824 sensationes
1895 2780 1937 2824 δε

365 2852 584 2896 actiones.
637 2853 762 2907 Ergo
785 2852 823 2895 si
839 2851 940 2908 jam
961 2852 1062 2896 illas
1080 2852 1327 2908 glandulas
1349 2864 1430 2895 seu
1451 2849 1722 2906 sphaerulas,
1743 2856 1793 2892 ut
1813 2848 1937 2905 prin-

366 2921 488 2978 cipia
528 2921 735 2964 omnium
774 2921 919 2965 nostri
962 2920 1179 2977 Corporis
1219 2920 1470 2964 formarum
1509 2916 1859 2974 Organicarum‚
1895 2916 1938 2960 &

367 3005 525 3035 earum
562 2989 856 3035 Facultatum
888 3003 943 3034 ac
982 2989 1331 3047 Operationum,
1364 2986 1683 3045 expendimus,
1717 2985 1765 3028 in
1801 2998 1939 3043 opem
