2106 3450
331 285 389 330 68
594 285 824 329 CAPUT
857 284 1256 339 SECUNDUM,
1300 284 1542 328 SECTJO
1581 284 1647 327 II.

336 407 554 474 graduS,
580 407 856 474 paulisper
881 407 1219 469 attenuabat,
1249 407 1296 458 &
1325 407 1503 458 minus
1539 405 1826 473 splendida
1847 421 1906 456 se

337 493 627 559 praecinxit
677 493 835 560 palla,
889 493 936 544 &
988 493 1212 544 tandem
1264 494 1333 544 ad
1387 493 1639 543 ultimum
1690 498 1907 558 postem

339 578 664 643 deveniens(
669 579 760 645 s),
813 596 871 629 se
921 578 1215 640 umbratili,
1268 578 1363 629 sed
1416 594 1587 644 usque
1636 575 1910 643 pellucida

338 664 631 715 amiciebat
655 666 800 731 toga,
830 664 1044 714 addidit
1071 664 1236 714 etiam
1266 663 1527 715 Gemmas
1554 663 1647 713 sed
1683 661 1909 727 crystal-

339 750 508 800 linas:
559 752 635 801 ita
674 768 703 801 e
742 767 884 801 novo
920 767 1135 816 semper
1172 767 1230 800 se
1267 750 1589 816 composuit,
1625 765 1797 815 usque
1837 748 1907 799 ad

339 852 620 886 occursum
650 836 975 902 Imaginum,
1005 852 1127 901 quae
1155 853 1187 886 a
1225 835 1472 886 Luminis
1507 834 1712 886 Solaris
1746 834 1910 884 radiis

341 937 496 971 suam
542 921 773 971 formam
819 928 1169 984 mutuantur;
1210 937 1345 987 quas
1388 921 1543 982 visaS,
1583 920 1684 970 sub
1728 920 1907 986 ipsum

341 1005 519 1067 limen,
548 1006 688 1056 circa
714 1005 967 1056 ultimum
996 1023 1107 1055 suae
1142 1005 1302 1055 scalae
1329 1005 1574 1071 gradum,
1604 1004 1793 1055 amicis
1823 1021 1909 1054 os-

342 1090 476 1141 culis
505 1090 553 1141 &
575 1090 923 1157 amplexibus
945 1091 1188 1156 excepit:
1224 1090 1309 1140 hae
1327 1106 1455 1141 vero
1475 1107 1599 1140 cum
1621 1090 1911 1140 redderent

344 1177 503 1237 viceS,
535 1175 678 1226 illico
712 1191 769 1226 se
805 1175 1125 1226 reformatas
1158 1176 1479 1236 sentiebant,
1509 1175 1648 1226 adeo
1684 1183 1742 1225 ut
1777 1176 1908 1226 dum

343 1278 402 1311 se
437 1268 629 1311 mutuo
665 1260 1004 1326 inspicerent,
1032 1277 1241 1311 sorores
1281 1278 1338 1310 se
1376 1277 1484 1311 non
1523 1260 1758 1327 amplius
1795 1261 1911 1326 dig-

344 1363 565 1397 noscere
590 1353 816 1412 possent
839 1364 850 1410 ;
890 1362 1018 1396 nam
1047 1345 1188 1396 Diva
1215 1345 1306 1396 illa
1339 1362 1434 1396 seu
1472 1345 1698 1412 Regina,
1728 1346 1912 1396 osculo

343 1449 443 1483 suo
481 1432 528 1483 ἃ
567 1431 846 1498 amplexu,
886 1432 963 1494 iis,
1001 1432 1170 1482 vitam
1210 1449 1282 1482 ex
1321 1432 1439 1494 sua,
1466 1431 1678 1494 infudit,
1708 1438 1766 1482 ut
1803 1447 1912 1482 non

403 1606 482 1664 (f)
521 1608 649 1652 Sicut
671 1623 810 1665 supra
833 1609 1086 1652 indicatum
1108 1615 1189 1662 est,
1209 1607 1308 1663 ipsa
1329 1607 1477 1650 forma
1501 1606 1728 1663 Corporis,
1750 1606 1799 1649 in
1819 1606 1914 1650 suis

345 1677 488 1731 fibris,
511 1691 616 1733 quae
638 1692 800 1721 omnes
823 1678 864 1720 δε
887 1678 1090 1732 singulas
1119 1677 1318 1719 fabricas
1347 1676 1563 1730 excitant,
1584 1683 1655 1719 est
1683 1676 1832 1719 solum
1858 1689 1915 1719 ex

344 1745 545 1797 Anima3
577 1759 687 1787 nam
720 1745 846 1788 fibrae
878 1753 983 1788 sunt
1014 1746 1111 1801 ejus
1143 1744 1482 1800 productiones,
1514 1757 1708 1800 quarum
1739 1744 1914 1800 primae,

345 1814 453 1869 quia
476 1828 568 1856 non
591 1815 805 1857 convenit
828 1828 997 1857 nomen
1018 1813 1349 1870 productionis,
1366 1813 1455 1855 illae
1477 1812 1575 1869 ejus
1593 1813 1913 1868 eradiationes,

347 1897 428 1926 seu
450 1884 613 1925 harum
635 1883 1056 1937 determinationes,
1073 1882 1316 1938 appellatae
1338 1889 1454 1924 sunt.
1501 1882 1567 1925 Ut
1588 1895 1696 1937 ergo
1718 1881 1796 1924 illa
1816 1889 1913 1924 tam

347 1952 394 1994 in
425 1951 597 1993 ultimis
629 1965 770 2007 quam
802 1952 848 1993 in
879 1951 1039 2007 primis
1070 1959 1205 2004 esset,
1228 1964 1307 1993 seu
1336 1949 1382 1992 in
1413 1949 1582 1992 infimis
1614 1949 1732 1993 sicut
1762 1949 1808 1991 in
1840 1963 1914 1992 su—

346 2020 531 2075 premis,
548 2020 701 2074 fibras,
720 2020 767 2062 in
789 2034 904 2076 quas
927 2019 1175 2062 essentiam
1197 2018 1254 2062 de
1277 2032 1326 2061 se
1348 2018 1648 2074 transcripsit,
1663 2018 1727 2061 ita
1748 2018 1914 2061 iterum

347 2089 389 2132 &
411 2089 574 2132 iterum
595 2089 868 2144 composuit,
887 2089 927 2131 &
950 2088 1306 2144 compositiones
1327 2087 1451 2130 vasis
1473 2087 1751 2142 sanguineis,
1773 2087 1914 2130 etiam

347 2171 404 2200 ex
434 2157 560 2199 fibris
593 2157 690 2212 ejus
723 2156 1036 2210 conformatis,
1060 2156 1284 2210 instruxit,
1314 2164 1363 2199 ut
1396 2156 1481 2198 sub
1512 2155 1665 2211 specie
1698 2155 1914 2211 Corporis

351 2225 570 2280 Organici
592 2233 879 2281 apparerent,
904 2225 944 2268 ἃ
966 2224 1101 2267 simul
1122 2232 1393 2280 praestarent
1413 2238 1537 2278 usus,
1558 2238 1688 2280 quos,
1710 2238 1738 2266 a
1765 2224 1913 2280 primo

349 2294 560 2348 stamine,
582 2303 630 2336 ut
652 2294 781 2346 fines,
803 2293 1075 2336 intenderat.
1141 2293 1269 2335 Nihil
1291 2293 1414 2336 enim
1441 2301 1606 2349 praeter
1625 2293 1845 2335 Animam
1867 2293 1915 2335 in

350 2364 554 2419 Corpore
582 2362 708 2417 vivit,
737 2362 834 2418 ejus
865 2370 934 2406 est
966 2362 1116 2405 omnis
1147 2362 1225 2405 illa
1255 2362 1362 2417 vita,
1395 2375 1498 2418 quae
1531 2362 1751 2405 Sensibus
1782 2361 1914 2416 inest,

348 2431 457 2488 quia
497 2431 638 2484 fibris,
675 2444 778 2486 quae
818 2431 1097 2474 modificatae
1137 2431 1260 2474 illico
1301 2430 1552 2474 secundum
1587 2430 1783 2473 formam
1819 2444 1915 2473 suae

350 2499 714 2555 compositionis,
747 2499 978 2552 sentiunt3
1020 2513 1160 2556 quare
1190 2500 1362 2542 Anima
1392 2499 1558 2543 dicitur
1587 2513 1616 2541 a
1646 2513 1728 2542 suo
1760 2498 1915 2554 adyto,

351 2581 432 2612 seu
454 2568 635 2611 summa
656 2568 768 2621 aede,
784 2582 865 2623 per
885 2568 1056 2623 gradus
1073 2577 1295 2625 tanquam
1316 2568 1467 2623 scalae,
1481 2567 1789 2620 descendisse,
1805 2567 1916 2610 dum

351 2652 381 2680 a
410 2637 559 2680 forma
589 2637 673 2679 sua
704 2637 919 2692 suprema
950 2637 1011 2680 ad
1041 2637 1262 2680 infimam.
1323 2637 1495 2680 Anima
1518 2636 1642 2680 enim
1663 2643 1758 2678 tam
1779 2636 1916 2679 realis

351 2705 611 2749 substantia
641 2713 726 2758 est,
749 2713 800 2748 ut
830 2719 989 2749 omnes
1024 2706 1240 2762 Corporis
1272 2705 1554 2759 substantiae,
1582 2718 1686 2760 quae
1715 2704 1915 2747 vivendo

353 2782 510 2830 agunt,
540 2788 596 2818 ex
634 2773 714 2816 illa
755 2773 859 2827 sint,
892 2774 932 2816 δε
967 2774 1157 2817 audiant
1188 2775 1470 2830 substantiae,
1502 2774 1583 2818 sed
1615 2773 1914 2829 compositae:

356 2844 538 2900 Quippe
564 2857 701 2886 omne
731 2843 1050 2898 Compositum
1078 2852 1148 2887 est
1175 2844 1316 2886 modo
1345 2843 1704 2887 substantiarum
1731 2856 1918 2884 suarum

354 2911 632 2968 simplicium
663 2919 992 2966 aggregatum;
1025 2925 1110 2954 nec
1139 2913 1386 2968 quicquam
1414 2919 1485 2955 est
1511 2924 1617 2954 vere
1645 2911 1918 2966 substantia,

353 2995 495 3038 quarn
514 2993 743 3037 suprema,
766 2992 869 3035 quae
892 2979 996 3022 ideo
1018 2989 1206 3024 vocatur
1227 2981 1486 3025 substantia
1507 2979 1713 3023 simnlex.
