2106 3450
372 268 433 314 94
633 258 860 303 CAPUT
894 258 1292 315 SECUNDUM
1336 259 1577 303 SECTIO
1616 259 1683 303 II.

376 396 448 430 ex
475 379 609 431 meis
634 381 795 443 enim,
820 397 942 447 quae
968 380 1067 432 tibi
1093 380 1240 432 datae
1269 388 1409 443 sunt,
1434 379 1786 443 bonitatibuS,
1814 396 1936 432 nas-

375 472 566 516 centur
590 465 770 517 adhuc
795 483 951 517 novae
972 483 984 530 3
1023 483 1149 517 nam
1178 466 1435 533 quicquid
1462 483 1535 517 ex
1567 482 1654 516 me
1687 471 1853 528 teneS,
1879 465 1938 517 id

377 551 555 602 fertile
581 551 629 603 &
665 551 967 619 prolificum
1003 559 1098 615 est,
1136 551 1184 603 &
1217 553 1355 603 sicut
1389 569 1588 613 semen,
1624 550 1770 617 quod
1804 551 1937 602 dum

377 653 572 704 gyrum
598 653 756 688 suum
784 638 838 688 in
866 639 1058 688 natura
1084 638 1366 705 peregerit,
1386 638 1580 688 iterum
1605 653 1714 688 non
1737 653 1939 699 semen,

377 721 475 772 sed
513 723 737 784 semina,
775 723 1057 789 producit:
1106 722 1223 773 haec
1260 722 1537 774 involvent
1575 739 1773 784 meum,
1810 738 1939 774 nam

378 807 526 875 quod
552 808 822 875 optimum
849 815 947 871 est,
963 825 1020 858 se
1047 809 1100 859 in
1127 809 1330 859 intimis
1350 808 1594 859 recondit
1607 806 1706 876 (r):
1730 808 1939 859 semina

436 963 498 1020 (r)
533 965 707 1007 Omnes
746 964 1078 1019 Formationes,
1113 964 1230 1007 sicut
1265 978 1404 1020 supra
1443 964 1737 1008 observatum
1770 971 1856 1019 est,
1890 963 1939 1007 in

380 1033 768 1078 communissimis
800 1033 1095 1088 conveniunt,
1118 1047 1172 1076 ac
1202 1034 1249 1075 in
1276 1047 1331 1076 eo
1358 1033 1604 1089 praecipue,
1625 1033 1750 1090 quod
1777 1033 1941 1076 intima

380 1115 461 1145 seu
474 1101 732 1158 purissima,
748 1114 851 1157 quae
865 1108 969 1144 sunt
983 1101 1095 1157 ipsae
1109 1101 1337 1144 Essentiae
1355 1115 1434 1145 seu
1448 1102 1740 1157 Essentialia,
1753 1101 1939 1159 quando

380 1184 430 1214 se
463 1171 509 1213 in
543 1170 869 1214 convenientes
906 1169 1091 1224 formas,
1124 1183 1269 1226 usque
1302 1170 1362 1213 ad
1395 1170 1595 1226 ultimas,
1627 1171 1941 1227 explicuerint,

380 1253 462 1296 per
481 1239 713 1282 mirabiles
734 1238 1018 1293 insertiones,
1034 1252 1083 1282 se
1103 1238 1165 1281 ad
1187 1238 1348 1281 intima
1363 1240 1560 1283 referant
1572 1255 1583 1292 ;
1616 1240 1732 1283 sicut
1749 1239 1939 1294 semina,

380 1308 491 1352 dum
527 1321 577 1351 se
613 1308 660 1350 in
695 1307 937 1350 frondosas
973 1308 1159 1351 arbores
1196 1308 1487 1363 exseruerint,
1525 1308 1633 1351 dein
1672 1308 1940 1364 purissimas

380 1390 621 1421 succorum
649 1390 835 1420 suorum
862 1376 1086 1420 essentias
1114 1376 1278 1419 iterum
1309 1376 1353 1418 in
1387 1376 1519 1419 novis
1550 1376 1802 1420 seminibus
1833 1390 1941 1420 con-

380 1453 588 1490 centrent
612 1460 622 1488 :
671 1445 904 1501 quomodo
945 1458 995 1488 se
1033 1458 1190 1488 versus
1232 1445 1394 1488 intima
1432 1445 1685 1502 recipiunt3
1726 1446 1788 1489 ab
1827 1445 1941 1502 ipsis
1987 1474 1992 1478 -

378 1515 601 1558 fructibus
623 1514 921 1570 conspicuum
942 1514 1139 1566 sistitur3
1166 1514 1212 1556 in
1229 1514 1401 1557 intimis
1417 1514 1541 1558 enim
1561 1528 1720 1558 eorum
1739 1515 1941 1558 formant

380 1584 469 1627 sibi
504 1584 676 1638 thecas,
709 1583 750 1626 &
779 1583 864 1625 has
895 1582 1087 1639 ipsaque
1118 1596 1168 1626 se
1197 1582 1442 1626 involucris
1474 1582 1516 1626 &
1546 1583 1826 1626 membranis
1857 1582 1942 1626 cir·

381 1652 660 1696 cumducunt
677 1668 689 1705 ;
721 1652 768 1694 in
788 1651 861 1694 his
882 1651 1028 1695 latent
1048 1651 1291 1708 ipsissimae
1307 1651 1425 1695 vires
1448 1651 1707 1707 seminales,
1723 1665 1827 1708 quae
1846 1665 1940 1695 non

381 1720 484 1776 nisi,
524 1721 713 1765 reclusis
762 1720 1022 1775 involucris,
1061 1728 1316 1776 erumpunt.
1400 1721 1455 1763 In
1498 1721 1700 1776 Corpore
1738 1720 1943 1764 Animali

383 1790 591 1833 similiter
608 1805 620 1842 3
651 1789 811 1846 primae
833 1789 873 1832 δε
895 1789 1151 1844 purissimae
1171 1789 1311 1844 fibrae,
1334 1803 1437 1846 quae
1458 1797 1563 1832 sunt
1590 1789 1703 1845 ipsae
1729 1789 1939 1834 determi-

381 1858 593 1901 nationes
627 1857 912 1912 essentiales,
943 1871 1025 1900 seu
1060 1871 1116 1901 ex
1150 1857 1314 1913 quibus
1350 1857 1649 1912 designantur
1681 1858 1840 1901 sormae
1870 1871 1941 1901 or-

381 1926 574 1982 ganicae,
595 1926 705 1969 dum
732 1940 895 1982 gyrum
923 1939 1056 1968 suum
1085 1939 1388 1980 communem,
1410 1939 1555 1982 usque
1575 1926 1637 1969 ad
1664 1926 1836 1980 ultima,
1859 1939 1940 1970 seu

382 1995 444 2038 ad
479 1996 582 2051 ipsa
614 2009 727 2038 vasa
763 1994 1027 2050 sanguinea,
1059 1995 1329 2051 peregerint,
1361 1995 1525 2038 iterum
1555 2009 1637 2051 per
1667 2009 1736 2051 ea,
1766 1995 1826 2038 ad
1857 2009 1942 2039 sua

382 2064 622 2120 principia,
644 2077 725 2106 seu
752 2063 993 2119 glandulas
1023 2062 1273 2116 corticales,
1301 2063 1507 2118 redeunt,
1530 2062 1571 2106 &
1600 2077 1682 2120 per
1707 2063 1942 2108 mirabiles

383 2133 670 2187 insertiones,
692 2145 742 2175 se
763 2132 875 2186 istis,
897 2131 990 2174 suis
1014 2131 1265 2187 principiis,
1287 2131 1539 2187 involvunt,
1562 2132 1603 2175 δι
1633 2132 1808 2188 uniunt,
1830 2132 1892 2176 ibi
1914 2146 1943 2175 a

384 2201 511 2244 fibris
547 2201 802 2257 purissimis
837 2200 1127 2257 adoptantur,
1164 2199 1205 2243 δε
1241 2200 1371 2256 quasi
1406 2200 1785 2254 introducuntur3
1831 2214 1943 2244 nam

385 2270 640 2327 composita
660 2270 847 2313 influere
868 2277 1100 2325 nequeunt
1121 2269 1168 2311 in
1189 2269 1428 2325 simplicia,
1447 2269 1529 2313 sed
1546 2269 1774 2326 simplicia
1790 2270 1838 2313 in
1859 2283 1944 2314 sua

386 2339 654 2395 composita,
677 2339 781 2382 talis
802 2352 896 2381 non
916 2338 1033 2381 alius
1055 2338 1203 2391 datur,
1225 2338 1334 2394 quia
1354 2338 1453 2381 dari
1475 2352 1567 2381 non
1589 2347 1754 2394 potest,
1776 2339 1823 2381 in
1842 2338 1943 2381 uni-

383 2408 518 2451 versa
538 2407 714 2463 natura,
736 2407 861 2451 ordo.
926 2406 1143 2450 Similiter
1165 2407 1380 2462 Corporis
1402 2407 1545 2450 nostri
1567 2408 1771 2463 Viscera,
1794 2408 1942 2450 Mem-

383 2477 481 2531 bra,
506 2476 718 2530 Musculi,
743 2475 899 2530 Nervi,
917 2475 998 2519 &c.
1017 2475 1198 2518 illorum
1216 2475 1420 2518 minimae
1441 2484 1610 2532 partes,
1631 2489 1711 2519 seu
1728 2475 1943 2529 unitates,

386 2559 450 2601 se,
479 2545 595 2588 sicut
622 2545 994 2600 multiplicantur,
1023 2544 1368 2588 circumducunt
1395 2544 1560 2587 tunicis
1589 2558 1669 2588 seu
1697 2544 1943 2588 involucris

385 2613 545 2656 ordine
566 2613 970 2668 communioribus,
983 2612 1044 2655 ad
1061 2627 1164 2669 quae
1180 2627 1234 2655 ex
1256 2613 1445 2668 singulis
1466 2612 1672 2679 pOartibus
1687 2613 1944 2668 ’ligamenta

385 2697 466 2726 seu
487 2682 669 2725 vincula
690 2682 970 2737 emittuntur,
988 2696 1091 2739 quae
1113 2696 1161 2726 se
1181 2682 1404 2726 insertant
1421 2682 1461 2725 δε
1477 2682 1667 2737 alligant
1683 2681 1944 2736 involucris,

386 2752 572 2795 demum
593 2751 982 2807 communissimo,
1000 2759 1048 2795 ut
1064 2751 1247 2795 vinculo
1263 2752 1491 2804 omnium;
1525 2750 1799 2794 Communia
1818 2750 1943 2794 enim

384 2834 412 2863 a
434 2820 527 2863 suis
549 2819 768 2876 partibus,
782 2833 875 2862 non
896 2828 1049 2863 autem
1065 2828 1217 2876 partes
1234 2834 1262 2862 a
1278 2820 1371 2863 suis
1389 2819 1707 2863 communibus
1724 2818 1940 2862 oriuntur.

388 2890 460 2932 Ita
480 2889 528 2931 in
549 2888 762 2931 omnibus
783 2888 984 2944 reliquis,
1007 2889 1065 2932 de
1086 2889 1251 2945 quibus
1273 2888 1421 2931 forma
1441 2896 1519 2932 aut
1549 2887 1804 2931 substantia
1825 2900 1943 2943 prae-

386 2957 529 3002 dicari
565 2964 727 3014 potest.
791 2956 964 3000 Similis
997 2957 1137 3001 etiam
1168 2957 1381 3002 formatio
1414 2964 1483 3001 est
1515 2964 1776 3000 nostrarum
1811 2955 1944 2999 Men-
