2106 3450
552 255 651 299 DE
695 239 881 299 ORTU
920 254 1092 298 TELL
1101 254 1265 298 URJS.
1669 264 1697 307 9

185 388 234 441 9.
261 374 507 441 Tempus
524 373 711 441 itaque
729 373 842 435 fuit,
862 374 1034 424 instar
1049 390 1158 423 non
1176 372 1454 438 temporiS,
1470 371 1694 439 quando

117 459 212 512 Sol
228 459 500 527 graviduS,
519 460 763 527 Corpora
784 459 865 510 sui
892 459 1158 522 Universi,
1178 466 1443 524 tanquam
1465 475 1695 524 magnos

114 544 306 609 foetuS,
327 546 382 596 in
409 545 532 598 alvo
559 563 657 596 suo
683 553 1007 612 gestaverat,
1029 544 1077 596 81
1106 545 1327 612 quando
1355 561 1419 595 ea
1446 545 1610 614 ninus
1637 543 1691 602 in

113 639 272 683 auras
311 630 634 699 expulerat3
683 648 812 682 nam
854 621 899 682 si
939 648 1010 681 ex
1053 630 1197 693 Sole,
1238 638 1299 682 ut
1339 631 1582 692 Parente,
1620 646 1692 679 ex

113 716 368 768 faecundo
396 717 512 784 ejus
540 724 707 780 uter0,
735 717 976 784 erupisse
1003 724 1229 769 constat.
1317 716 1524 768 Verum
1554 714 1719 765 adeo-

111 820 304 871 graves
344 802 406 855 &-
431 804 632 854 inertes
675 803 868 865 foetus,
907 803 960 853 in
1006 820 1105 854 suo
1149 810 1264 854 tarn
1305 802 1530 875 ardente
1568 801 1692 851 foco

111 896 340 956 gestare,
371 888 419 940 81
446 889 802 956 postmodum
831 889 1053 940 nixibus
1091 889 1267 950 edere,
1297 905 1408 938 non
1442 894 1658 954 poterat
1684 904 1696 949 ;

110 962 208 1026 sed
234 1010 237 1014 -
259 975 592 1042 ejuscemodi
645 975 829 1028 Onera
879 975 1246 1026 exhalationis
1295 975 1425 1041 ejus
1471 973 1520 1025 &
1566 974 1694 1023 inde

110 1059 399 1112 fluentium
417 1060 880 1128 efficientiumque
895 1061 1089 1112 virium
1109 1061 1287 1112 ultimi
1305 1060 1530 1111 effectus
1550 1067 1692 1110 sunt.

112 1146 253 1198 Inde
279 1146 426 1209 cluit,
454 1147 604 1214 quod
641 1147 736 1200 Sol
771 1148 1023 1214 primitus
1060 1147 1130 1198 ab
1163 1147 1451 1199 effluviosis
1480 1163 1551 1196 ex
1579 1162 1693 1196 era—

110 1233 354 1284 diatione
380 1233 498 1300 ejus
524 1233 654 1284 reali
680 1234 937 1285 excitatis
964 1234 1313 1300 exclusisque
1339 1232 1612 1292 halitibus,
1642 1231 1691 1283 &

110 1319 480 1386 undequaque
499 1319 569 1370 ad
590 1319 758 1382 illum,
778 1328 839 1371 ut
860 1320 1080 1385 azylum
1111 1319 1158 1370 &
1186 1320 1408 1370 unicum
1437 1317 1693 1385 requietis

108 1412 346 1472 portum,
387 1405 599 1456 affatim
638 1403 1054 1467 confluentibus,
1092 1405 1364 1456 obductus
1403 1404 1601 1465 fuerit;
1642 1403 1692 1454 81

111 1509 228 1554 Dies
244 1524 349 1554 cum
367 1510 461 1554 suis
478 1510 620 1566 horis,
635 1525 718 1567 per
734 1511 831 1567 ejus
849 1511 1037 1554 alternis
1055 1518 1257 1554 mutatos
1273 1519 1500 1567 aspectus,
1519 1524 1693 1567 perque

108 1579 209 1636 ejus
233 1580 374 1624 Ortus
395 1587 638 1635 vergentes
660 1580 721 1623 ad
750 1594 958 1635 occasuS,
980 1581 1022 1623 δε
1051 1595 1133 1637 per
1163 1581 1372 1624 Occasus
1401 1587 1693 1635 resurgentes

108 1649 170 1692 ad
192 1657 333 1705 ortus,
355 1649 556 1693 existunt
574 1665 585 1701 ;
619 1650 660 1693 δε
682 1649 747 1692 sic
771 1649 880 1706 quia
901 1650 949 1692 in
979 1664 1180 1704 sensum,
1203 1651 1345 1693 etiam
1374 1650 1421 1692 in
1449 1663 1692 1692 numerum

109 1717 295 1763 cadunt.
346 1718 392 1761 A
398 1732 549 1761 nnuos
569 1719 630 1762 ἔφ’
649 1719 847 1762 diurnos
867 1724 1019 1762 motus
1039 1720 1308 1762 instaurat:
1339 1734 1449 1762 nam
1472 1719 1588 1761 sicut
1614 1719 1694 1761 Sol

107 1787 156 1830 in
179 1787 357 1831 caeteris
380 1788 596 1831 omnibus
617 1802 700 1844 per
720 1788 876 1831 radios
899 1802 1007 1832 suos
1036 1789 1157 1832 vires
1186 1789 1362 1832 activas
1392 1789 1433 1832 δε
1461 1789 1591 1831 vivas
1620 1801 1693 1830 ex-

108 1857 233 1912 citat,
267 1857 333 1901 ita
363 1857 505 1901 etiam
537 1865 687 1900 toturn
716 1871 851 1900 suum
890 1858 1175 1901 Universum
1212 1872 1318 1902 cum
1354 1857 1693 1914 Atmosphaeris

107 1925 320 1970 aethereis
342 1926 404 1969 ad
424 1934 640 1969 naturam
661 1925 759 1983 ejus
786 1926 1021 1970 radiorum
1050 1928 1259 1971 excitatis
1288 1942 1370 1984 per
1398 1940 1693 1971 communem

106 1996 202 2039 vim
223 1996 470 2039 radiationi
499 1992 955 2053 correspondentem,
979 1997 1020 2040 &
1052 1997 1185 2053 quasi
1217 2012 1300 2053 per
1330 1997 1692 2057 Animationem,

106 2065 392 2118 exsuscitat;
421 2065 604 2122 *absque
634 2065 715 2109 tali
744 2066 921 2122 origine
950 2074 1118 2121 motus,
1146 2066 1248 2110 haec
1280 2068 1457 2122 Magna
1488 2067 1694 2121 Corpora

106 2133 471 2191 haudquaquam
491 2134 539 2177 in
560 2148 697 2191 gyros
720 2135 894 2179 circum
917 2135 1071 2192 ipsum
1093 2149 1227 2177 suum
1255 2134 1432 2178 fontem
1460 2143 1557 2177 tam
1586 2149 1694 2178 con-

107 2210 284 2247 stanter
322 2203 616 2247 volverentur
634 2219 645 2256 ;
693 2218 750 2248 ex
788 2203 964 2247 viribus
1007 2203 1363 2260 particularibus
1399 2204 1589 2246 resultat
1623 2203 1694 2247 vis

107 2271 382 2326 communiS,
405 2272 524 2316 sicut
547 2273 870 2330 Compositum
892 2287 920 2315 a
946 2273 1040 2315 suis
1071 2272 1372 2328 simplicibus,
1395 2287 1590 2329 quorum
1623 2281 1693 2316 est

104 2348 422 2397 aggregatum.
488 2342 686 2398 Insuper
721 2342 863 2386 etiam
903 2342 1052 2385 Orbes
1085 2342 1200 2385 istos
1232 2343 1436 2384 Lumine
1466 2342 1693 2396 illustrat,

105 2422 231 2464 narn,
248 2417 298 2453 ut
315 2409 492 2453 dictum
509 2418 593 2465 est,
610 2411 727 2454 radii
744 2411 842 2468 ejus
861 2425 1019 2454 secum
1035 2418 1132 2454 tam
1156 2411 1332 2455 calores
1355 2426 1494 2468 quam
1516 2412 1692 2455 lumina

105 2478 282 2533 ferunt3
315 2479 399 2523 sed
412 2480 514 2524 haec
530 2480 785 2523 secundum
799 2481 923 2523 solas
938 2480 1207 2523 altitudines
1223 2495 1359 2537 super
1375 2481 1689 2535 Horizontem,

106 2547 149 2592 ἃ.
170 2548 426 2592 secundum
449 2549 710 2605 distantias,
727 2563 811 2592 nec
835 2550 946 2593 item
969 2550 1226 2592 secundum
1249 2551 1489 2593 columnas
1506 2551 1625 2594 aeris
1650 2551 1690 2594 Sc

106 2631 240 2661 suam
259 2632 440 2661 moram
462 2619 509 2662 in
534 2619 894 2675 Haemisphaerio
918 2634 926 2661 :
983 2619 1055 2662 Ita
1083 2619 1207 2662 binae
1228 2629 1405 2663 naturae
1426 2621 1568 2663 radiis
1590 2621 1690 2677 ejus

105 2686 278 2742 insunt,
299 2687 418 2731 adeo
440 2688 687 2743 distinctae,
710 2696 759 2731 ut
781 2702 874 2730 una
895 2688 1073 2744 absque
1095 2688 1239 2732 altera
1268 2690 1432 2732 existat
1452 2705 1462 2741 ;
1496 2690 1612 2733 sicut
1641 2690 1689 2732 in

104 2755 260 2800 media
281 2756 460 2814 hyeme,
483 2758 672 2814 quando
698 2758 776 2801 Sol
798 2764 929 2800 tanta
950 2757 1093 2812 fulget
1114 2757 1230 2813 luce,
1249 2758 1424 2814 quanta
1446 2773 1502 2801 ex
1523 2758 1689 2802 eodem

104 2825 362 2869 altitudinis
378 2826 525 2881 gradu
542 2826 590 2869 in
606 2826 761 2870 media
778 2826 986 2878 AEstate3
1018 2826 1126 2869 huic
1144 2826 1241 2882 ejus
1265 2828 1457 2870 Naturae
1474 2828 1688 2884 opposita

105 2901 176 2938 est
212 2894 407 2945 Umbra,
444 2895 576 2939 alteri
611 2910 720 2939 vero
759 2895 923 2951 Frigus
944 2911 954 2947 3
997 2910 1082 2952 per
1117 2897 1294 2940 Lumen
1327 2911 1460 2940 suum
1492 2897 1688 2941 illustrat

105 2963 184 3008 illa
205 2977 310 3022 quae
332 2964 486 3009 calore
506 2965 736 3022 producit,
759 2972 808 3009 ut
826 2965 873 3008 in
895 2964 1045 3009 visum
1067 2974 1276 3010 nostrum
1299 2966 1482 3010 cadant.
