2106 3450
371 264 400 307 6
698 265 926 310 CAPUT
960 266 1258 322 PRIMUM,
1302 267 1545 312 SECTIO
1584 267 1623 312 I.

373 388 525 451 dunt,
550 405 722 455 usque
750 390 804 440 in
845 407 1020 457 opaca
1061 389 1264 442 Solaris
1303 390 1499 442 Mundi
1539 391 1795 457 Corpora,
1821 404 1947 439 nos-

373 481 625 540 tramque
651 474 942 538 Tellurem,
971 475 1019 526 &
1049 477 1103 526 in
1127 477 1300 528 vicem
1329 477 1578 539 subeunt,
1600 475 1822 543 quando
1849 472 1948 527 Sol

374 560 631 611 occiduus
662 560 1083 628 Haemisphaerio
1109 562 1296 613 relicto
1321 571 1539 614 noctem
1566 561 1787 613 inducit.

447 657 492 711 7.
533 646 599 696 In
645 647 824 713 spatio
868 646 1028 712 hujus
1076 647 1328 699 Universi
1371 649 1678 710 terminatO,
1720 646 1944 698 circum-

374 730 631 794 feruntur,
684 738 745 782 ut
808 732 1015 782 dictum
1071 739 1167 794 est,
1221 733 1464 800 ingentia
1515 733 1773 800 Corpora,
1822 747 1947 798 quae

378 816 580 879 Solem,
608 823 668 868 ut
695 833 986 868 commune
1014 817 1277 869 Centrum
1313 818 1710 881 circumeundO,
1736 818 1792 868 in
1821 833 1947 868 suas

374 999 485 1028 nam
505 984 612 1028 huic
634 984 814 1028 accedit
842 984 993 1028 adhuc
1023 984 1259 1042 quoddam
1288 993 1561 1042 perpetuum
1592 999 1672 1030 seu
1702 983 1946 1038 infinitum,

375 1055 501 1111 quod
522 1055 660 1111 priori
682 1068 777 1097 non
798 1054 930 1107 inest,
954 1054 1128 1098 scilicet
1150 1055 1274 1111 quod
1296 1055 1394 1111 ejus
1418 1055 1647 1099 Diametri
1668 1068 1764 1097 non
1784 1052 1947 1096 finian-

374 1132 462 1179 tur,
483 1133 563 1167 aut
584 1124 886 1167 terminentur
906 1123 953 1166 in
985 1123 1190 1179 quodam
1224 1124 1407 1179 Centro,
1430 1137 1516 1167 nec
1549 1123 1781 1180 simplices
1811 1122 1948 1166 lineae

375 1192 482 1248 sint,
498 1191 581 1235 sed
602 1191 904 1234 terminentur
924 1191 970 1234 in
993 1191 1196 1248 quadam
1216 1191 1479 1247 Peripheria
1504 1191 1671 1235 Circuli
1693 1199 1772 1235 aut
1793 1204 1949 1247 super-

374 1259 480 1304 ficie
496 1260 705 1316 sphaerae,
723 1273 826 1315 quae
843 1274 926 1315 pro
947 1260 1101 1303 Centri
1118 1260 1222 1303 loco
1239 1260 1282 1304 ei
1300 1260 1502 1315 inservit,
1517 1260 1558 1304 δε
1573 1260 1698 1317 quod
1712 1259 1948 1303 diametris

375 1332 578 1387 gaudeat
599 1332 647 1374 in
670 1332 835 1374 Curvae
857 1331 1048 1387 alicujus
1072 1331 1274 1387 speciem
1297 1331 1475 1375 inflexis
1494 1347 1505 1384 ;
1538 1345 1630 1388 qua
1650 1331 1827 1375 ratione
1847 1330 1949 1374 haec

377 1402 549 1444 Forma
570 1408 641 1444 est
665 1401 888 1444 Mensura
918 1400 1079 1443 formae
1112 1400 1360 1444 Circularis
1394 1415 1475 1444 seu
1507 1400 1810 1456 circularium,
1832 1399 1950 1444 sicut

377 1468 625 1512 Circularis
657 1476 727 1512 est
758 1483 976 1512 mensura
1007 1469 1324 1524 Angularium.
1385 1470 1439 1512 In
1473 1468 1643 1513 Forma
1673 1469 1761 1512 hac
1793 1467 1950 1525 spirali

376 1537 529 1580 adhuc
553 1538 773 1580 Formam
796 1537 1030 1594 quandam
1047 1538 1327 1594 superiorem
1345 1546 1554 1595 spectare
1568 1551 1831 1595 possumus,
1846 1550 1950 1594 quae

375 1615 596 1663 perpetuo
620 1606 799 1663 spiralis
823 1621 904 1650 seu
926 1609 1241 1651 VORTICALIS
1263 1607 1463 1651 dicenda
1490 1615 1575 1662 est,
1595 1607 1642 1650 in
1671 1607 1762 1664 qua
1785 1606 1950 1650 iterum

377 1676 614 1732 quoddam
634 1683 908 1732 perpetuum
929 1685 1007 1719 aut
1031 1676 1259 1720 infinitum
1288 1677 1514 1733 adjicitur,
1537 1676 1662 1733 quod
1688 1676 1828 1732 priori
1855 1689 1950 1718 non

375 1745 551 1796 inerat;
583 1744 708 1800 prior
728 1744 854 1787 enim
876 1758 925 1787 se
947 1745 1008 1787 ad
1033 1745 1265 1788 Circulum
1293 1753 1341 1788 ut
1369 1745 1430 1788 ad
1459 1745 1696 1802 quoddam
1722 1744 1951 1788 infinitum

380 1814 617 1867 Centrum,
640 1813 681 1855 &
701 1813 762 1856 ab
782 1813 872 1855 hoc
893 1826 975 1868 per
994 1812 1093 1869 ejus
1116 1813 1367 1857 diametros
1390 1813 1451 1856 ad
1475 1814 1695 1857 Centrum
1725 1812 1879 1868 fixum,
1899 1820 1951 1856 ut

378 1882 439 1925 ad
461 1896 595 1925 suum
614 1882 755 1925 finem
772 1889 851 1925 aut
872 1882 1133 1939 terminum,
1150 1883 1328 1937 retulit3
1360 1884 1461 1927 haec
1476 1897 1585 1927 vero
1602 1897 1651 1927 se
1672 1883 1733 1926 ad
1754 1883 1950 1926 formam

378 1950 596 2006 spiralem
626 1957 675 1993 ut
708 1951 944 2006 Centrum,
969 1965 1052 2006 per
1078 1951 1225 1995 lineas
1253 1960 1475 2008 perpetuo
1505 1951 1763 2006 circulares,
1783 1951 1950 2005 refert3

378 2021 480 2075 ipsa
502 2020 602 2062 haec
624 2019 773 2062 forma
795 2033 845 2063 se
863 2019 909 2061 in
930 2020 1207 2074 Magneticis
1225 2021 1446 2076 apprimis
1463 2020 1727 2064 manifestat
1747 2036 1758 2074 ;
1789 2028 1951 2078 estque

378 2102 435 2131 ex
457 2087 620 2131 eadem
642 2087 833 2143 ratione,
855 2096 905 2131 ut
927 2102 1065 2144 supra
1088 2089 1146 2132 de
1168 2089 1460 2133 inferioribus
1482 2090 1641 2133 formis
1669 2089 1844 2133 dictum
1864 2098 1950 2145 est,

378 2170 596 2199 mensura
617 2156 777 2199 formae
800 2157 992 2213 spiralis.
1039 2158 1091 2199 In
1115 2157 1203 2201 hac
1226 2158 1414 2201 demum
1431 2159 1687 2215 conspicari
1703 2173 1950 2216 possumus

381 2226 599 2267 Formam
636 2233 812 2268 naturae
846 2240 1123 2281 supremam,
1156 2241 1236 2270 seu
1268 2235 1489 2284 perpetuo
1519 2228 1815 2284 Vorticalem,
1846 2242 1951 2286 quae

380 2293 548 2337 eadem
576 2301 647 2336 est
678 2308 782 2336 cum
817 2295 1005 2337 FORMA
1038 2296 1283 2351 CAELESTI,
1306 2295 1352 2338 in
1384 2294 1476 2352 qua
1506 2296 1821 2352 complurimae
1850 2296 1951 2340 fini-

382 2369 518 2416 tates,
538 2369 588 2404 ut
610 2362 804 2405 totidem
826 2362 1208 2419 imperfectiones,
1231 2364 1364 2420 quasi
1386 2365 1566 2408 abrasae
1594 2373 1714 2420 sunt,
1735 2365 1776 2409 &
1796 2365 1951 2421 plures

383 2434 536 2476 adhuc
557 2435 887 2490 perpetuitates
908 2443 986 2478 aut
1003 2435 1252 2479 infinitates
1269 2436 1443 2479 indutae
1462 2452 1472 2488 ;
1504 2450 1646 2493 quare
1661 2437 1762 2480 haec
1781 2438 1950 2481 Forma

382 2509 453 2546 est
492 2503 714 2546 Mensura
748 2503 910 2546 formae
944 2505 1191 2559 vorticalis‚
1224 2505 1416 2561 proinde
1447 2505 1654 2547 omnium
1684 2505 1950 2549 inferiorum

382 2571 617 2627 exemplar
639 2571 679 2614 ὃς
701 2570 818 2625 idea,
842 2586 897 2615 ex
918 2572 1008 2628 qua
1035 2572 1270 2617 inferiores
1299 2573 1416 2616 sicut
1443 2587 1471 2615 a
1498 2586 1581 2616 suo
1608 2572 1848 2629 principio,
1871 2580 1951 2617 aut

384 2653 413 2682 a
443 2639 593 2682 forma
624 2639 888 2693 formarum,
918 2640 1206 2685 descendunt
1243 2642 1284 2685 ἃ
1312 2649 1573 2684 nascuntur.
1637 2640 1773 2696 Quod
1803 2641 1868 2684 ita
1898 2654 1950 2685 se

387 2708 708 2751 Formationes
758 2722 910 2751 rerum
959 2709 1162 2753 habeant
1212 2708 1624 2753 demonstrandum
1662 2709 1800 2764 venit,
1844 2709 1949 2753 Deo

382 2777 581 2831 volente,
617 2777 665 2819 in
707 2777 934 2821 Doctrina
976 2780 1262 2834 Formarum,
1300 2779 1341 2822 ἃς
1381 2778 1423 2822 ei
1464 2777 1681 2834 adjuncta
1723 2777 1950 2821 Doctrina

387 2846 576 2889 Ordinis
599 2846 639 2888 δε
664 2846 915 2889 Graduum.
961 2848 1016 2889 In
1034 2847 1122 2889 hac
1147 2846 1315 2889 Forma
1337 2847 1425 2889 illae
1441 2846 1683 2889 facultates
1700 2846 1742 2891 δε
1756 2846 1947 2890 virtutes

384 2922 642 2970 occurrunt,
665 2914 789 2971 quod
819 2929 961 2958 unum
991 2915 1186 2958 alterum
1215 2915 1431 2971 respiciat
1461 2914 1594 2970 quasi
1624 2914 1841 2971 seipsum,
1861 2929 1949 2959 nec

385 2983 633 3041 quicquam
655 2983 743 3026 nisi
775 2997 1068 3043 communem
1099 2983 1363 3028 firmitatem
1394 2983 1435 3027 &
1466 2982 1762 3027 concordiam
1793 2983 1949 3041 spiret,
