2106 3450
432 272 531 316 DE
569 270 915 316 INFANTJA
957 271 1437 316 PRIMOGENITI.
1665 280 1720 327 75

149 394 420 446 mundum
454 395 503 446 ei
544 394 675 446 dare
718 410 851 445 ausa
895 410 1031 457 sum,
1071 410 1238 460 quam
1279 393 1457 445 solum
1499 401 1559 445 ut
1605 393 1721 460 ejus

147 479 365 531 ordines
392 479 440 531 &
467 487 643 532 status
670 479 947 532 communi
974 479 1182 530 auxilio
1209 480 1389 531 firmet
1422 479 1471 531 &
1508 487 1721 531 susten-

146 565 350 633 tet(z).·
395 565 558 617 Illum
596 567 761 618 etiam
801 583 875 617 ex
914 567 1075 617 meris
1119 566 1440 617 concinnavi
1489 566 1718 628 CentriS,

207 700 266 758 (τ’)
303 701 440 758 Quod
463 702 668 746 Mundus
688 710 846 747 noster
865 701 1107 757 Animalis,
1122 701 1200 759 qui
1217 702 1358 746 etiam
1382 701 1721 748 Microcosmus

147 770 418 827 appellatur,
439 785 468 815 a
488 772 685 828 propriis
707 772 896 829 naturis,
914 785 994 815 seu
1016 771 1233 828 potentiis
1256 771 1297 814 δε
1318 770 1504 825 viribus,
1522 778 1721 826 regatur,

146 853 176 883 a
205 840 362 884 multis
394 849 606 884 constare
638 849 821 898 potest;
858 855 970 884 nam
1003 841 1203 897 Sanguis
1234 849 1332 884 tam
1362 854 1507 896 prone
1539 854 1721 883 sursum

147 922 288 966 quam
310 909 527 954 deorsum
549 911 596 953 in
611 910 749 954 Vasis
771 910 870 967 ejus
892 911 989 954 fluit
1008 926 1018 964 3
1052 911 1205 954 caeteri
1230 911 1464 953 Humores
1487 909 1722 962 similiter3

146 986 247 1021 tum
267 979 406 1022 etiam
424 978 662 1023 Alimenta
677 979 725 1022 in
742 979 1014 1023 Ventriculo
1032 978 1073 1021 δε
1094 978 1354 1031 Intestinis;
1377 978 1504 1020 nulla
1519 978 1722 1033 gravitas

147 1060 229 1090 seu
251 1047 617 1104 centripetentia,
640 1048 730 1090 nisi
751 1061 834 1103 per
860 1048 981 1091 vires
1009 1047 1219 1104 proprias
1248 1047 1440 1101 activas,
1461 1046 1721 1099 inducitur;

146 1129 288 1173 quare
309 1116 408 1172 ejus
430 1125 596 1160 natura
615 1131 801 1174 prorsus
824 1131 852 1160 a
872 1125 1038 1160 natura
1055 1116 1220 1160 Mundi
1238 1116 1491 1160 circumflui
1509 1123 1723 1172 exempta

145 1192 246 1228 est:
277 1185 379 1229 haec
411 1193 496 1241 est,
518 1198 659 1242 quam
688 1186 862 1229 Anima
892 1194 1052 1229 nostra
1081 1185 1228 1241 regit3
1260 1185 1325 1228 ita
1349 1192 1527 1228 naturae
1548 1184 1721 1242 aliquid

145 1253 414 1299 immediate
447 1255 661 1310 tribuere,
698 1262 769 1299 est
805 1256 1029 1311 derogare
1064 1255 1276 1310 regimini
1311 1262 1483 1298 nostrae
1522 1254 1722 1309 Animae,

142 1322 281 1366 sicuti
310 1323 487 1368 Mentis
514 1331 686 1367 nostrae
706 1324 961 1379 Voluntati,
984 1324 1023 1366 si
1050 1323 1258 1367 actiones
1285 1332 1463 1367 naturae
1490 1322 1723 1366 adscribe-

143 1406 311 1436 remus.
357 1394 464 1449 Jam
485 1393 594 1450 quia
613 1401 772 1437 noster
791 1393 922 1437 vivus
946 1388 1300 1448 Microcosmus,
1323 1407 1377 1436 ex
1397 1406 1452 1436 eo
1475 1392 1599 1449 quod
1620 1406 1723 1448 pro-

144 1462 295 1518 priam
315 1470 531 1506 naturam
548 1462 799 1518 possideat,
821 1477 849 1505 a
864 1462 966 1519 jure
991 1462 1185 1505 Maximi
1203 1476 1281 1505 seu
1300 1461 1722 1505 circumambientis

145 1530 370 1587 discedat,
391 1531 718 1588 expendamus,
742 1532 854 1588 quid
874 1532 935 1575 ab
956 1532 1048 1587 illo,
1072 1531 1113 1574 ἃ
1142 1531 1253 1588 quid
1279 1546 1308 1574 a
1337 1545 1385 1575 se
1413 1531 1528 1587 ipso,
1551 1531 1722 1584 trahit;

149 1601 184 1643 I.
221 1600 533 1644 Microcosmo
565 1601 770 1644 Animali
802 1601 1144 1657 Atmosphaerae
1171 1600 1424 1644 circumflui
1456 1600 1622 1642 Mundi
1654 1599 1723 1642 in-

146 1669 383 1726 cumbunt,
400 1677 573 1726 puncta
588 1670 686 1726 ejus
705 1670 900 1726 singula,
916 1671 960 1713 vi
983 1671 1024 1714 &
1045 1670 1262 1726 pondere,
1287 1669 1542 1713 secundum
1564 1668 1722 1712 activi-

144 1746 289 1783 tatem
311 1739 353 1782 δε
374 1739 638 1782 columnam
661 1754 807 1795 suam,
829 1747 1058 1797 premunt,
1080 1740 1121 1783 ὃς
1150 1739 1216 1783 sic
1245 1738 1466 1796 quicquid
1486 1738 1547 1781 ad
1570 1738 1722 1794 ipsum

145 1815 340 1864 spectat,
361 1808 641 1852 indivulsum
663 1809 711 1852 in
731 1823 850 1852 nexu
873 1809 1110 1853 continent
1129 1827 1140 1863 3
1196 1809 1302 1865 Ipse
1324 1822 1432 1851 vero
1455 1814 1615 1851 contra
1636 1807 1722 1850 has

142 1877 278 1932 vires,
298 1877 548 1933 gravitates
570 1878 612 1922 &
632 1878 986 1934 incumbentias‚
1009 1879 1231 1936 parilibus
1259 1877 1354 1920 suis
1375 1876 1522 1932 reagit
1540 1893 1550 1929 ;
1584 1876 1651 1920 sic
1672 1884 1723 1920 ut

141 1947 261 1991 libra
282 1954 371 1991 stet
392 1947 441 1990 in
461 1947 631 2003 medio,
653 1949 695 1992 &
715 1948 838 1993 actio
859 1949 1140 1993 reactionem
1161 1955 1325 2004 aequet.
1371 1947 1590 1991 Similiter
1611 1946 1722 1989 dum

142 2016 473 2073 Atmosphaera
485 2016 534 2060 in
549 2017 798 2060 Pulmones
812 2017 973 2072 influit,
989 2018 1030 2061 ἃ
1050 2017 1256 2073 Corpori,
1271 2017 1460 2073 ejusque
1482 2015 1721 2070 Membris,

143 2093 354 2130 motuum
384 2085 504 2129 vires
535 2086 742 2143 inspirat.
808 2087 870 2130 II.
894 2087 1244 2143 Atmosphaerae
1275 2086 1429 2141 etiam,
1452 2085 1721 2142 cumprimis

143 2155 372 2210 aethereae,
393 2163 472 2199 aut
494 2156 685 2213 priores,
706 2164 861 2213 partes
884 2157 980 2213 ejus
1010 2157 1229 2212 singulas,
1252 2155 1447 2213 proinde
1474 2163 1638 2209 totum,
1659 2155 1722 2197 ad

145 2232 355 2268 centrum
386 2239 520 2268 suum
549 2226 761 2282 gravium
791 2235 984 2282 urgent3
1018 2226 1205 2281 scilicet,
1235 2233 1286 2269 ut
1316 2239 1402 2268 nos
1434 2224 1639 2281 depressi
1672 2224 1719 2266 in

143 2292 288 2336 fundo
309 2293 740 2350 Atmosphaerarum
757 2309 894 2352 super
909 2295 1107 2338 Telluris
1126 2294 1346 2351 subjectae
1361 2294 1523 2349 glebas
1539 2293 1721 2349 gradia-

122 2390 124 2392 -
143 2375 258 2418 mur,
282 2361 324 2406 δε
345 2362 408 2405 ibi
430 2363 563 2407 sedes
580 2371 777 2418 nostras,
794 2364 1008 2421 hospitia,
1027 2364 1068 2408 ὃς
1084 2364 1400 2418 contubernia,
1416 2370 1718 2408 exstruamus.

146 2432 203 2474 In
218 2431 411 2487 caeteris,
425 2432 486 2475 ad
502 2446 801 2490 quascunque
816 2434 942 2488 libet,
957 2434 1119 2490 plagas
1137 2433 1178 2477 δε
1192 2433 1484 2489 directiones,
1502 2432 1721 2489 Corporis

142 2501 289 2544 nostri
324 2501 424 2545 lora
459 2501 548 2559 ipsi
583 2502 798 2559 regimus,
837 2503 878 2546 δε
911 2503 1108 2560 propriis
1144 2502 1467 2559 gubernaculis
1505 2503 1721 2558 Regnum

143 2570 535 2615 administramus.
591 2572 682 2615 ΙΙΙ.
708 2573 902 2629 Insuper
921 2573 1273 2629 Atmosphaerae‚
1291 2586 1372 2629 per
1391 2572 1590 2628 reliquas
1613 2586 1721 2615 suas

144 2647 350 2696 naturas,
381 2641 516 2684 nobis
547 2641 812 2686 ministrant
844 2641 886 2685 δι
917 2641 1185 2697 inserviunt,
1216 2642 1333 2686 sicut
1363 2656 1446 2698 per
1478 2641 1720 2684 Modifica-

144 2709 310 2765 tiones,
332 2710 499 2767 quibus
520 2710 568 2754 in
599 2712 788 2767 Organa
817 2719 1078 2755 nostrorum
1107 2725 1326 2756 sensuum
1354 2712 1562 2765 influunt,
1585 2711 1626 2754 &
1647 2724 1721 2754 res

144 2777 366 2835 objectas,
397 2780 583 2824 tametsi
619 2781 807 2835 distant,
838 2788 889 2824 ut
929 2788 1182 2838 praesentes
1219 2781 1260 2825 &
1301 2781 1434 2837 quasi
1465 2780 1722 2835 contiguas,

144 2847 328 2903 sistunt,
365 2847 407 2892 δε
441 2857 774 2906 repraesentant
796 2865 805 2894 :
844 2850 930 2893 has
971 2850 1197 2894 Sensoriis
1235 2850 1405 2894 nostris
1441 2849 1639 2892 Auditus
1679 2848 1721 2891 δε

144 2915 286 2959 Visus
323 2917 546 2974 capimus.
612 2919 714 2962 Nos
750 2932 831 2962 eas
868 2925 918 2961 ut
952 2918 1162 2975 proprias
1197 2919 1332 2962 nobis
1369 2918 1593 2972 dicamus,
1625 2917 1721 2960 vita

145 2983 389 3042 donamus,
410 2985 452 3030 δε
483 2986 530 3030 in
563 2987 862 3032 Sensationes
893 2987 1125 3032 vertimus.
1190 2987 1411 3032 Similiter
1441 2986 1583 3031 etiam
1615 2986 1720 3030 sub-
