2106 3450
486 214 584 258 DE
624 214 873 258 AMORE
913 215 1395 261 PRIMOGENITI.
1650 210 1728 275 1'25

149 336 409 390 infuderit
429 355 441 402 ;
513 337 562 389 81
624 337 980 405 postmodum
1037 317 1152 401 ‘eas
1205 356 1303 406 per
1357 340 1733 407 appositiones

151 431 386 486 mutuaS,
408 441 502 476 seu
524 440 622 491 per
644 424 977 491 epigenesin,
999 425 1180 491 specie
1203 425 1460 492 Corporis
1481 427 1730 488 induerit,

151 525 215 561 ac
231 511 426 562 natura
443 509 684 577 quadam
705 509 1016 574 donaverit3
1044 511 1120 562 sic
1139 527 1230 562 eas
1251 511 1305 561 in
1330 511 1729 579 Intelligentias

150 643 285 688 nobis
307 642 468 687 formae
489 642 594 697 illae,
617 643 663 686 in
686 657 803 700 quas
825 643 1036 696 influunt,
1057 643 1339 688 innotuerint
1358 660 1368 697 3
1401 644 1577 689 scilicet
1605 645 1730 702 quod

148 712 244 757 sint
283 712 430 756 reales
470 711 631 755 formae
667 712 929 768 organicae;
971 726 1082 755 nam
1117 726 1202 769 per
1237 713 1385 757 reales
1423 713 1576 768 fibras,
1613 715 1731 758 sicut

150 789 312 825 notum
347 788 431 836 est,
466 780 528 824 ab
563 781 697 824 oculo
733 780 774 823 &
816 781 994 825 caeteris
1038 781 1270 835 sensoriis,
1310 790 1582 838 surrepunt3
1626 797 1730 839 quae

149 849 324 903 formae,
346 849 666 906 organicarum
690 850 852 906 primae
881 857 959 893 aut
987 849 1227 907 principia,
1250 864 1333 907 per
1359 850 1730 895 modificationes

149 918 263 962 istas
295 917 531 974 docentur,
554 918 595 962 &
626 919 925 975 postmodum
957 919 1225 973 excitantur,
1248 920 1309 963 ad
1340 920 1589 964 mutandos
1622 934 1730 964 suos

149 995 312 1042 status,
334 1001 415 1031 seu
435 988 683 1031 variandas
706 1002 813 1031 suas
835 988 1023 1044 formas,
1046 988 1168 1032 unde
1189 988 1336 1032 reales
1367 989 1730 1033 substantiarum

148 1056 408 1101 activitates
425 1065 673 1113 exsurgunt
689 1073 699 1110 ;
731 1057 807 1100 vix
823 1058 955 1101 aliter
968 1072 1024 1101 ac
1040 1058 1322 1102 modificatio
1339 1059 1473 1102 Aeris
1491 1059 1538 1101 in
1554 1060 1729 1102 Aurem

149 1125 328 1184 illapsa,
351 1126 393 1170 &
415 1134 595 1171 caeterae
617 1126 664 1169 in
695 1140 780 1170 sua
810 1127 1058 1171 Sensoria:
1091 1127 1205 1183 ipsae
1233 1128 1463 1171 Aurarum
1493 1128 1730 1172 modifica-

148 1195 299 1240 tiones
331 1203 439 1240 sunt
469 1197 615 1240 reales
652 1196 773 1240 vires
810 1196 988 1252 activae,
1021 1210 1125 1253 quae
1156 1196 1328 1240 formas
1361 1198 1603 1253 organicas
1636 1199 1729 1242 suis

149 1265 462 1310 activitatibus
484 1266 812 1310 convenientes
835 1266 1037 1310 excitant
1060 1281 1068 1310 ε
1106 1266 1225 1310 sicut
1247 1266 1294 1309 in
1315 1267 1497 1310 extimis
1518 1268 1661 1311 etiam
1683 1268 1730 1311 in

149 1334 341 1390 intimis,
358 1349 464 1378 cum
481 1336 581 1379 sola
602 1335 861 1378 differentia
882 1335 1229 1392 perfectionum.
1353 1336 1447 1379 Sed
1467 1337 1579 1393 quid
1594 1337 1729 1381 Vita!

150 1417 308 1447 annon
342 1405 496 1448 vivere
533 1413 602 1448 est
634 1405 800 1448 intueri
838 1404 953 1448 fines
973 1420 983 1457 ;
1028 1405 1118 1448 hoc
1155 1405 1263 1462 quia
1303 1406 1607 1461 Intelligentis
1644 1414 1728 1461 est,

150 1472 371 1530 sequitur,
394 1473 520 1531 quod
541 1474 652 1517 Vita
677 1473 1000 1529 Intelligentiae
1022 1473 1081 1518 sit
1102 1473 1263 1517 finium
1285 1474 1468 1518 intuitio
1494 1474 1535 1518 ἃ
1563 1489 1729 1532 reprae-

150 1542 380 1595 sentati03
412 1542 503 1586 hoc
534 1556 630 1586 non
660 1550 814 1599 potest
844 1542 1041 1586 facultas
1072 1556 1176 1587 esse
1209 1543 1344 1587 Entis
1376 1544 1614 1598 naturalis,
1647 1544 1730 1588 sed

152 1609 412 1666 Spiritualis
431 1626 442 1663 ;
475 1624 618 1667 quare
643 1610 908 1667 Spiritualia
929 1619 1036 1655 sunt
1056 1611 1176 1666 viva,
1198 1611 1239 1654 &
1263 1612 1388 1655 Fons
1413 1612 1728 1668 Spiritualium

149 1687 220 1723 est
241 1679 449 1722 omnium
470 1680 726 1723 viventium
747 1679 788 1723 &
809 1679 1008 1723 vitarum
1029 1680 1151 1724 Vita.
1202 1682 1268 1725 Ut
1288 1694 1397 1724 vero
1418 1681 1466 1723 hi
1489 1681 1604 1725 fines
1626 1696 1729 1739 pro-

150 1756 424 1792 moveantur
444 1749 492 1792 in
515 1749 720 1803 effectus,
739 1749 781 1792 &
798 1748 997 1793 existant
1016 1763 1140 1804 usus,
1159 1763 1274 1806 opus
1295 1758 1365 1793 est
1389 1750 1541 1794 causis
1564 1751 1729 1795 instru-

150 1815 295 1861 menti
315 1818 466 1863 vicem
487 1818 769 1874 gerentibus,
790 1832 895 1875 quae
917 1818 963 1861 in
986 1832 1037 1862 se
1057 1832 1152 1862 non
1171 1818 1343 1873 vivant,
1366 1833 1446 1862 seu
1474 1833 1531 1864 ex
1558 1834 1608 1864 se
1635 1835 1730 1864 non

148 1886 414 1931 intueantur
444 1887 598 1944 finem,
621 1902 782 1932 verum
808 1887 931 1932 nude
958 1901 1137 1932 morem
1164 1896 1341 1944 gerant,
1364 1888 1406 1932 &
1435 1889 1543 1932 vitae
1575 1903 1629 1933 ac
1663 1890 1730 1934 in-

149 1954 417 2012 telligentiae
438 1956 732 2011 famulentur,
754 1956 949 2013 proinde
971 1956 1137 2000 natura
1161 1956 1245 1999 sua
1273 1965 1466 2000 mortuae
1487 1972 1495 2000 :
1529 1957 1577 2000 id
1604 1958 1731 2001 lucu—

149 2024 274 2068 lente
323 2024 371 2068 in
412 2025 524 2082 ipsis
567 2025 738 2069 nostris
780 2025 1055 2080 actionibus,
1098 2025 1266 2082 quibus
1307 2033 1554 2082 utrumque
1595 2027 1727 2082 inest,

150 2101 343 2151 apparet
361 2109 373 2147 ;
406 2093 507 2150 ipsa
537 2094 664 2138 enim
694 2094 816 2137 actio
849 2093 1026 2150 absque
1058 2094 1142 2136 sua
1173 2093 1280 2148 vita,
1313 2100 1384 2137 est
1420 2094 1544 2138 nude
1575 2103 1729 2139 motus

150 2162 479 2218 musculorum,
497 2163 645 2220 qualis
663 2163 910 2218 machinae,
927 2163 1010 2206 sed
1031 2177 1087 2206 ex
1108 2163 1198 2206 fine
1222 2177 1303 2206 seu
1325 2162 1421 2206 vita
1441 2163 1570 2207 audit
1591 2164 1728 2218 actio,

151 2245 207 2276 eo
226 2232 479 2288 sublimior,
500 2247 592 2290 quo
613 2233 718 2289 plus
740 2233 862 2287 vitae,
883 2241 963 2276 aut
984 2232 1088 2289 plus
1119 2232 1373 2289 sapientiae,
1395 2232 1548 2276 eidem
1577 2233 1697 2277 inest
1716 2250 1727 2286 ;

151 2315 295 2359 quare
316 2302 439 2346 actio
455 2302 809 2359 non·respicitur
826 2316 883 2345 ex
900 2316 984 2345 suo
1000 2310 1144 2356 motu,
1157 2308 1236 2345 aut
1253 2301 1337 2345 sua
1355 2301 1502 2358 figura
1523 2302 1564 2346 ἃ
1585 2303 1727 2358 vultu,

150 2371 236 2416 sed
275 2371 338 2415 ab
378 2371 632 2416 intentione
670 2371 712 2414 δε
746 2371 1000 2426 voluntate,
1033 2370 1081 2414 id
1112 2378 1196 2426 est,
1228 2385 1256 2413 a
1286 2369 1393 2426 fine,
1425 2385 1450 2414 e
1481 2385 1572 2428 quo
1605 2373 1728 2416 actio

151 2448 351 2485 emanat.
395 2442 468 2484 Ex
488 2441 560 2484 his
583 2440 706 2495 cluit,
723 2440 849 2496 quod
873 2440 1116 2483 Naturalia
1136 2440 1262 2484 facta
1282 2440 1389 2496 sint,
1404 2448 1455 2483 ut
1476 2440 1729 2486 inserviant

153 2508 477 2566 Spiritualibus
498 2524 581 2567 pro
604 2523 745 2553 causa
766 2509 1104 2552 instrumentali
1121 2516 1201 2552 aut
1217 2508 1448 2564 organica.
1494 2510 1728 2566 Similiter,

151 2579 278 2635 quod
298 2587 447 2623 totum
468 2579 582 2623 illud
602 2579 898 2634 Universum,
916 2578 1042 2635 quod
1065 2578 1159 2622 Soli
1179 2578 1345 2621 Mundi
1363 2579 1622 2635 subjectum
1644 2590 1728 2636 est,

151 2656 358 2692 creatum
389 2649 449 2694 sit
480 2663 509 2693 a
541 2650 768 2706 Supremo
789 2648 910 2692 Vitae
943 2648 1105 2702 Fonte,
1127 2655 1177 2691 ut
1207 2662 1290 2704 pro
1321 2648 1475 2692 medio
1507 2649 1728 2694 inserviat

151 2718 451 2773 perveniendi
481 2718 543 2762 ad
572 2717 688 2761 fines
718 2717 919 2761 ultimos.
984 2717 1040 2759 In
1071 2716 1174 2773 ipsa
1203 2716 1362 2760 nostra
1394 2718 1554 2762 Mente
1585 2719 1726 2762 etiarn

152 2785 317 2843 aliquis
330 2794 466 2844 typus
478 2786 641 2830 similis
658 2786 903 2830 creationis
920 2793 1287 2842 repraesentatur,
1302 2785 1413 2829 dum
1429 2786 1509 2830 illa
1525 2787 1727 2844 aliquem

152 2853 294 2899 finem
308 2856 521 2900 ultimum
536 2869 642 2899 curn
658 2855 824 2898 mediis
839 2855 1183 2911 complectitur3
1216 2863 1324 2899 tunc
1341 2856 1513 2899 etenim
1530 2856 1727 2900 intendit

154 2923 320 2980 causis,
335 2937 416 2981 per
435 2937 551 2982 quas
573 2924 687 2968 fines
711 2938 818 2968 suos
841 2923 1179 2981 contemplatos
1201 2932 1472 2981 promoveat
1485 2940 1497 2978 ;
1529 2925 1655 2981 quod
1678 2933 1727 2969 ut
