2106 3450
471 243 571 286 DE
598 213 955 306 'INFANTJA
1000 245 1220 289 PRIMO
1227 246 1482 291 GENJTJ.
1711 259 1769 305 99

190 365 324 418 mihi
359 383 486 434 gere
519 365 703 429 fidem,
744 383 872 418 nam
914 384 1013 418 nos
1054 374 1109 419 te
1144 368 1485 432 oculatioreS,
1524 370 1652 437 quia
1693 371 1768 422 ibi

191 453 372 514 etiam,
414 468 632 503 sumus:
682 451 892 503 Anima
927 461 1135 516 nostra,
1178 471 1301 520 quae
1342 456 1397 505 in
1442 457 1648 507 intimis
1688 459 1768 508 tui

192 538 450 606 Corporis
491 545 588 600 est,
629 555 662 588 a
707 540 978 605 supremis
1019 541 1131 590 suis
1176 541 1342 590 etiam
1389 542 1769 606 minutissima,

189 641 317 692 quae
349 624 405 674 in
441 624 637 690 Regno
676 623 793 691 ejus
826 633 1077 691 aguntur,
1117 625 1165 677 &
1204 626 1356 677 videt
1395 626 1444 677 δε
1488 629 1654 679 sentit
1670 628 1735 693 (t)
1757 646 1769 692 ;

190 727 316 762 cum
341 727 470 762 vero
495 710 565 761 ad
591 718 662 773 te,
681 727 775 761 seu
802 711 978 762 visum
1004 729 1179 775 suum,
1201 720 1260 763 ut
1288 713 1455 763 etiam
1481 720 1541 764 tu
1567 714 1772 777 videaS,

189 804 456 864 tanquam
484 813 581 864 per
605 796 780 847 scalas
816 796 864 848 &
897 798 1112 864 graduS,
1141 799 1458 862 descendit;
1495 800 1626 865 quid
1660 816 1770 850 non

193 881 310 946 Ille,
327 883 422 950 qui
446 890 530 934 est
548 883 602 933 in
624 882 831 933 intimis
851 882 995 950 ejus:
1034 884 1130 935 sed
1151 892 1235 935 est
1256 886 1422 936 etiam
1444 885 1495 935 in
1519 886 1741 937 extimis
1759 903 1770 949 ;

187 986 378 1021 verum
430 969 532 1020 nisi
585 968 745 1019 Mens
795 977 997 1032 nostra,
1045 970 1184 1022 sicut
1241 971 1427 1037 janua,
1479 972 1771 1023 introrsum

191 1055 441 1117 flectitur,
477 1072 586 1107 non
621 1063 851 1122 apparet
871 1071 883 1118 ;
924 1064 1120 1109 natura
1153 1059 1297 1109 enim
1334 1075 1508 1125 opaca
1541 1066 1638 1122 est,
1672 1075 1772 1110 nec

251 1222 312 1279 (t)
348 1223 403 1266 Id
424 1223 485 1267 ab
502 1225 716 1268 omnibus
734 1223 1054 1281 phaenomenis
1075 1223 1291 1280 Corporis
1307 1223 1453 1267 nostri
1474 1224 1630 1280 liquet,
1648 1225 1774 1281 quod

189 1292 364 1336 Anima
384 1293 448 1336 ita
469 1307 604 1337 suum
635 1294 815 1350 Corpus
843 1293 1060 1349 organice
1088 1292 1366 1347 formaverit,
1387 1300 1450 1348 ut,
1475 1293 1696 1350 quicquid
1725 1293 1772 1336 in

191 1362 292 1418 ejus
309 1363 539 1418 extremis,
555 1363 754 1416 extimis,
771 1370 849 1406 aut
866 1363 1109 1405 Viscerum
1126 1362 1266 1416 cavis,
1284 1362 1541 1418 horumque
1558 1362 1780 1406 meatulis·

192 1430 235 1475 δι
275 1431 416 1488 poris,
458 1432 699 1488 contingit,
733 1432 916 1485 resciat,
958 1431 1149 1485 scilicet,
1185 1438 1236 1474 ut
1275 1445 1303 1473 a
1338 1431 1488 1487 primo
1526 1431 1635 1475 vitae
1677 1445 1773 1475 suae

190 1509 444 1557 momento,
475 1501 634 1545 omnia
664 1502 705 1545 δε
737 1501 933 1556 singula,
961 1501 1047 1543 sub
1079 1500 1287 1556 auspicio
1320 1514 1417 1555 suo,
1439 1508 1606 1556 teneat,
1630 1501 1672 1544 δε
1703 1515 1773 1545 se-

191 1569 395 1614 cundum
437 1570 754 1626 contingentia
789 1570 1019 1627 disponat.
1096 1569 1234 1625 Quod
1271 1570 1477 1612 omnium
1514 1584 1676 1614 sensus
1713 1571 1775 1614 ad

191 1638 398 1682 animam
420 1639 595 1695 influat,
610 1639 659 1682 id
675 1639 735 1682 ab
751 1638 1006 1682 harmoniis
1023 1638 1281 1693 modorum,
1299 1652 1415 1695 quos
1440 1639 1577 1683 Mens
1599 1647 1772 1693 nostra,

190 1721 325 1765 aeque
364 1716 473 1752 ante
512 1722 567 1752 ac
609 1715 714 1765 post
755 1708 826 1751 sui
866 1707 1132 1751 Intellectus
1168 1708 1512 1763 perfectionem,
1548 1716 1599 1752 ut
1636 1723 1774 1765 supra

191 1778 488 1821 observatum
509 1785 594 1832 est,
617 1778 846 1821 subsentit
864 1793 875 1830 ;
910 1777 951 1820 &
973 1791 1001 1820 a
1026 1777 1359 1820 mutationibus
1389 1785 1537 1821 status
1565 1778 1773 1821 omnium

189 1847 448 1903 Viscerum,
490 1860 675 1902 prorsus
716 1846 973 1890 secundum
1014 1845 1176 1889 omnes
1219 1846 1586 1902 contingentium
1632 1848 1771 1901 vices,

178 1916 317 1974 -quod
346 1916 644 1960 manifestum
676 1916 852 1960 sistitur
883 1916 930 1958 in
963 1915 1247 1970 Ventriculo,
1284 1915 1537 1971 Intestinis,
1572 1917 1773 1973 Hepate‚

191 1985 414 2039 Renibus,
435 1985 477 2029 ἃ
500 1986 678 2030 caeteris
701 2001 711 2038 ;
742 1986 931 2041 insuper
951 1985 1092 2029 etiam
1114 1998 1143 2027 a
1163 1984 1290 2027 fibris
1311 1984 1424 2041 ejus,
1448 2000 1553 2042 quae
1585 2001 1772 2030 omnem

189 2055 460 2112 organicum
495 2062 669 2099 textum
706 2054 952 2111 designant
971 2070 982 2108 ;
1027 2054 1118 2097 illae
1154 2061 1259 2097 sunt
1297 2054 1393 2110 ejus
1425 2055 1573 2108 radii;
1616 2070 1771 2113 quare,

188 2124 452 2181 ubicunque
482 2124 548 2167 illi
580 2131 700 2180 sunt,
723 2124 825 2181 ipsa
855 2123 997 2167 etiam
1028 2131 1099 2167 est
1130 2137 1350 2179 praesens,
1373 2138 1453 2167 seu
1484 2138 1514 2167 a
1545 2126 1771 2181 supremis

191 2193 301 2250 suis,
331 2193 411 2236 ubi
442 2193 671 2250 principia
702 2193 877 2248 statuit,
907 2192 1072 2236 videns
1104 2192 1145 2235 δε
1178 2192 1412 2237 sentiens:
1454 2193 1502 2236 in
1533 2195 1771 2251 principiis

190 2260 330 2315 enirn,
352 2260 445 2315 illa,
467 2259 516 2302 in
547 2258 894 2315 simplicissima
924 2272 1008 2301 sua
1037 2257 1188 2301 forma
1218 2258 1403 2314 residet,
1424 2267 1474 2302 ut
1503 2273 1558 2303 ex
1579 2260 1649 2314 iis,
1671 2268 1771 2304 tan-

190 2343 333 2386 quam
353 2329 539 2383 centris,
561 2335 709 2372 totum
732 2341 867 2371 suum
891 2328 1118 2382 Regnum,
1141 2327 1183 2370 &
1206 2328 1448 2371 continuas
1470 2329 1771 2386 peripherias‚

191 2398 442 2455 prospiciat
464 2398 506 2441 δε
525 2406 667 2454 regat.
714 2397 850 2454 Quod
872 2397 1023 2440 omnis
1046 2396 1176 2452 fibra,
1198 2410 1278 2440 seu
1301 2398 1474 2453 radiuS,
1497 2399 1555 2444 sit
1578 2401 1771 2443 actualis

191 2467 465 2522 substantia,
486 2467 549 2510 ad
570 2467 822 2523 imaginem
844 2467 914 2509 sui
942 2465 1171 2523 principii,
1193 2480 1248 2510 ex
1277 2481 1368 2523 quo
1398 2467 1510 2523 fluit,
1532 2469 1773 2523 formatus,

190 2536 310 2580 infra
350 2537 474 2581 clare
515 2536 919 2580 demonstrabitur.
995 2536 1114 2579 Cum
1156 2535 1311 2592 itaque
1352 2537 1526 2580 Anima
1567 2552 1621 2581 ex
1664 2539 1771 2581 sim-

190 2606 456 2664 plicissimis
485 2606 579 2650 suis
608 2606 751 2660 fibris,
773 2613 882 2649 tunc
914 2605 1053 2648 sentit
1084 2619 1139 2648 ex
1170 2605 1358 2662 intimis,
1381 2614 1428 2650 at
1459 2621 1568 2650 vero
1600 2608 1711 2653 dum
1742 2624 1771 2651 a

194 2676 356 2719 formis
379 2690 434 2719 ex
455 2689 506 2719 se
528 2689 611 2719 seu
632 2675 749 2718 fibra
771 2674 854 2717 sua
875 2674 1128 2731 productis,
1149 2682 1258 2719 tunc
1280 2690 1372 2719 non
1394 2677 1456 2719 ab
1478 2677 1667 2732 intimis,
1687 2678 1770 2721 sed

193 2745 254 2788 ab
274 2744 346 2800 iis,
366 2758 471 2801 quae
492 2751 619 2788 extra
640 2751 719 2787 aut
741 2743 860 2786 infra
882 2757 933 2787 se
956 2751 1061 2787 sunt
1081 2759 1090 2786 :
1123 2758 1233 2787 nam
1253 2759 1414 2789 omnes
1440 2747 1623 2790 Formae
1645 2761 1771 2790 com-

192 2814 356 2871 positae
386 2822 494 2858 sunt
524 2814 797 2858 substantiae
818 2828 901 2870 per
922 2827 985 2869 se,
1007 2813 1048 2857 δε
1075 2813 1169 2857 suis
1199 2815 1397 2872 propriis
1418 2816 1624 2871 gaudent
1654 2829 1770 2872 prae—

193 2883 372 2938 dicatis,
404 2897 599 2940 quarum
629 2891 787 2927 tamen
818 2883 981 2926 intima
1011 2891 1240 2940 occupat;
1283 2885 1372 2929 hac
1397 2885 1575 2930 ratione
1604 2885 1771 2929 dicitur

193 2951 272 2995 illa
293 2952 355 2995 ad
375 2952 539 2996 Visum
561 2966 694 2996 suum
714 2952 837 2997 exire
857 2951 930 2996 vel
950 2952 1243 2998 descendere.
