2106 3450
474 246 530 290 34
983 235 1163 280 PARS
1201 237 1539 293 SECUNDA,

477 357 718 425 Corpora
764 359 865 410 sub
904 359 1040 412 facie
1079 360 1454 432 humana-sed
1494 364 1636 413 intra
1678 363 1932 414 corticem
1976 363 2026 415 &

475 451 682 495 naturae
710 444 906 508 fucum,
933 447 1128 498 nostris
1153 447 1322 498 oculis
1355 449 1469 511 visi,
1496 447 1879 499 Animantium
1895 448 2029 500 refe-

473 536 598 579 runt
616 529 796 580 vultus
815 547 827 593 ;
854 530 1040 581 Vitam
1063 532 1206 582 enim
1226 533 1307 582 sui
1327 533 1507 591 animi,
1530 533 1583 584 id
1605 539 1702 596 est,
1720 533 2029 595 animalem,

474 631 568 665 seu
593 615 780 666 Vitam
808 617 1060 682 corporiS,
1085 617 1140 667 id
1165 607 1261 679 est,
1287 618 1602 681 naturalem,
1633 617 1682 669 81
1720 635 1828 669 non
1868 618 2030 669 simul

471 700 659 751 Vitam
699 702 1069 753 mediatricem
1104 719 1198 753 seu
1234 702 1536 766 Caelestem,
1563 720 1686 769 quae
1711 703 1898 754 Vitam
1926 703 2028 756 Su-

471 787 643 852 premi
668 787 794 838 vitae
821 786 1052 838 naturali
1079 787 1373 854 conjungit,
1394 790 1582 840 vivunt
1602 805 1614 852 ;
1653 805 1820 855 quare
1838 805 2028 839 omnes

474 869 645 934 Genii,
675 872 765 937 qui
805 872 969 922 etiam
995 871 1387 923 Animantibus
1425 873 1623 936 insunt,
1649 890 1682 924 a
1714 874 1824 924 suis
1848 890 2029 940 ergas-

470 956 613 1018 tulis,
662 958 717 1007 in
769 958 974 1008 Mentis
1029 974 1215 1008 eorum
1272 957 1555 1024 sphaeram‚
1608 959 1929 1025 irrumpunt,
1979 958 2028 1010 &

470 1040 673 1092 Genios
719 1041 1023 1103 HumanOS,
1057 1043 1252 1092 natura
1293 1041 1548 1105 caelesteS,
1587 1043 1818 1110 abigunt
1855 1044 1910 1094 in
1948 1043 2025 1094 fu-

468 1142 610 1192 gam,
651 1132 745 1176 aut
786 1126 996 1176 vinctos
1039 1125 1093 1175 in
1137 1143 1263 1176 suos
1307 1143 1544 1177 carceres
1583 1128 1912 1178 detrudunt:
1951 1129 2027 1178 sic

469 1218 649 1261 toturn
677 1211 951 1261 invertunt
977 1211 1220 1261 ordinem
1245 1229 1257 1275 ;
1295 1210 1408 1262 fera
1434 1212 1705 1278 mancipia
1730 1212 1785 1262 in
1809 1211 2025 1263 liberta-

469 1303 582 1347 tem
610 1297 775 1347 missa
803 1295 980 1362 Regni
1007 1296 1271 1347 invadunt
1298 1296 1499 1361 fasces;
1539 1297 1794 1364 Princeps
1813 1297 2025 1360 Mundi,

468 1381 862 1432 infensissimus
899 1381 1032 1433 Caeli
1058 1380 1245 1444 hostiS,
1270 1382 1362 1448 qui
1388 1381 1598 1433 Animo
1631 1383 1785 1444 inest,
1813 1381 1861 1433 &
1891 1381 2026 1434 Cor-

467 1467 586 1534 pori
626 1474 837 1533 praeest,
863 1483 984 1517 curn
1024 1483 1136 1517 suae
1177 1474 1385 1518 naturae
1422 1467 1643 1530 facibuS,
1671 1466 1719 1518 &
1754 1466 2025 1518 Amorum

469 1551 758 1619 phalange,
802 1551 954 1602 irruit
1003 1552 1058 1602 in
1108 1551 1332 1613 Caelum,
1383 1551 1431 1602 &
1482 1552 1556 1603 ibi
1605 1552 1855 1603 victricus
1902 1569 2027 1603 suas

470 1645 714 1688 catervas
758 1638 1013 1704 explicat,
1054 1637 1102 1688 &
1143 1638 1219 1688 sic
1260 1654 1512 1704 suprema
1552 1637 1833 1689 confundit
1870 1637 2026 1701 imis;

469 1723 597 1773 inde
643 1723 846 1773 Mentis
886 1739 1073 1773 eorum
1116 1722 1386 1789 sphaeram
1429 1729 1585 1773 tanta
1624 1721 1876 1774 obfundit
1909 1739 2025 1773 um-

466 1809 565 1859 bra
602 1807 686 1875 (b),
724 1815 784 1859 ut
825 1809 1037 1860 somnia
1085 1825 1194 1859 non
1241 1808 1382 1859 vitas
1431 1808 1630 1871 vivant,
1669 1808 1717 1860 &
1760 1815 2025 1876 tanquam

530 1971 586 2027 (b)
622 1971 881 2028 Quomodo,
903 1971 1012 2014 dum
1033 1971 1270 2016 invertitur
1292 1972 1433 2026 Ordo,
1458 1973 1607 2017 Menti
1636 1973 1930 2018 intellectuali
1959 1974 2026 2017 in-

469 2041 648 2085 ducitur
677 2041 853 2094 umbra,
874 2054 930 2084 ex
959 2040 1070 2096 ipsis
1102 2040 1189 2083 illis
1210 2041 1459 2096 principiis,
1478 2055 1615 2097 supra
1635 2055 1679 2085 n.
1702 2052 1771 2097 95,
1794 2042 2029 2098 expositis,

468 2110 529 2153 ad
551 2117 736 2165 captum
757 2108 1059 2152 demonstrari
1079 2116 1230 2165 potest
1250 2125 1261 2161 3
1293 2117 1398 2153 sunt
1419 2110 1555 2165 enirn,
1578 2110 1695 2153 sicut
1724 2110 1787 2153 ibi
1807 2111 2027 2154 traditum

465 2187 549 2234 est,
572 2180 685 2222 Tres
723 2179 918 2232 Formae,
940 2191 1043 2234 quae
1075 2177 1162 2220 sibi
1193 2185 1351 2221 mutuo
1383 2179 1647 2232 succedunt,
1667 2192 1760 2221 una
1789 2192 1927 2235 supra
1946 2187 2027 2223 aut

468 2247 589 2290 intra
616 2247 821 2301 alteram,
850 2246 1023 2290 scilicet
1051 2245 1211 2289 intime
1243 2246 1602 2303 Supracaelestis,
1624 2247 1894 2291 intermedie
1924 2248 2025 2291 Cae-

464 2316 608 2371 lestis,
631 2315 672 2358 &
699 2314 893 2359 exterius
922 2314 1258 2370 Infracaelestis,
1281 2329 1361 2358 seu
1384 2316 1608 2372 Suprema
1627 2316 1848 2360 naturalis
1869 2331 1880 2369 ;
1914 2330 2024 2373 qua-

463 2398 566 2427 rum
588 2397 761 2439 omnes,
779 2383 1032 2427 secundum
1047 2383 1415 2440 descriptionem,
1431 2385 1609 2440 Fibras,
1623 2397 1706 2441 per
1725 2384 2024 2428 eminentiam

462 2452 528 2495 ita
562 2452 724 2507 dictas,
754 2452 1017 2508 concipiunt
1052 2452 1094 2495 δε
1119 2452 1394 2506 excludunt;
1426 2466 1482 2496 ex
1505 2466 1697 2509 quarum
1718 2452 2022 2508 consertione,

467 2521 608 2564 Fibra
627 2521 729 2577 ipsa
749 2534 981 2576 corporea,
1003 2534 1106 2577 quae
1129 2521 1398 2577 Lympham,
1423 2521 1618 2577 Spiritus
1639 2520 1868 2564 Animalis
1888 2534 2023 2564 voca-

464 2599 574 2646 tam,
596 2589 734 2645 vehit,
756 2589 1056 2632 concinnatur
1072 2605 1084 2642 ;
1105 2603 1215 2632 narn
1238 2589 1378 2632 Fibra
1395 2590 1624 2645 Corporea
1645 2602 1725 2632 seu
1745 2601 1913 2632 nervea
1928 2603 2022 2632 non

462 2664 615 2715 potest
635 2671 730 2700 non
750 2664 899 2700 ortum
920 2670 1053 2699 suum
1081 2657 1260 2700 trahere
1290 2670 1318 2699 a
1347 2656 1599 2713 purissimis
1629 2656 1744 2710 aliis,
1766 2670 1870 2712 quae
1899 2657 2020 2713 puri-

463 2740 567 2770 ores
590 2725 842 2778 Essentias,
863 2738 1002 2780 quam
1033 2725 1181 2781 qualis
1214 2732 1282 2769 est
1315 2725 1509 2782 Spiritus
1539 2724 1766 2780 animalis,
1787 2725 2018 2769 transmit-

461 2802 564 2839 tunt
582 2810 594 2847 ;
626 2807 730 2851 quae
766 2794 994 2836 Essentiae
1029 2808 1123 2837 non
1155 2794 1258 2837 aliae
1283 2801 1455 2850 queunt
1480 2806 1595 2848 esse,
1618 2806 1758 2850 quam
1778 2793 1969 2846 Vitales,
1990 2807 2020 2836 a

463 2863 629 2920 quibus
665 2862 764 2919 ipse
797 2862 873 2905 ille
911 2862 1105 2918 Spiritus
1136 2862 1277 2906 vitam
1294 2883 1296 2887 ν
1315 2876 1446 2906 suam
1476 2861 1632 2914 ducit;
1665 2861 1894 2906 Essentiae
1928 2861 2019 2905 illae

462 2932 639 2988 vitales,
673 2944 759 2976 nec
794 2938 986 2990 possunt
1020 2945 1114 2975 non
1150 2931 1342 2977 totidem
1376 2944 1567 2975 numero
1606 2943 1725 2987 esse,
1761 2936 1872 2987 quot
1913 2938 2019 2976 sunt
