2106 3450
481 279 581 323 DE
620 279 872 324 AMORE
912 278 1394 324 PRIMOGENITI.
1644 292 1725 335 123

147 401 383 464 cludere,
425 400 707 469 quomodo
757 400 888 452 bina
937 399 1030 452 illa
1083 401 1335 464 Lumina,
1386 401 1435 453 ἃ
1485 400 1598 452 bini
1648 401 1725 452 illi

147 485 417 539 luminum
476 487 713 549 CaloreS,
764 487 1081 549 consociati,
1134 486 1182 538 &
1245 487 1400 554 quasi
1463 487 1725 554 connupti

149 571 366 636 fuerint,
404 572 452 624 &
494 572 776 640 quomodo
817 589 987 623 unum
1023 571 1093 623 ad
1129 571 1351 623 alterius
1385 572 1726 623 conditiones

149 657 199 710 ἃ
243 659 523 726 pactiones
567 675 787 725 prorsus
829 658 1130 719 accesserit,
1176 674 1305 709 narn
1355 658 1533 721 video,
1577 658 1725 724 quod

147 744 314 796 ambo
355 743 475 812 jam
526 760 695 796 unum
746 744 1005 811 idemque
1057 743 1316 795 studeant
1337 743 1355 810 (
1357 743 1471 811 f):
1523 743 1728 795 scilicet

205 916 284 976 (f)
317 918 539 976 Apparet,
578 917 771 975 liquido,
811 925 1035 976 tanquam
1080 932 1238 962 coram
1285 918 1387 975 ipso
1429 917 1558 973 Visu,
1602 918 1728 975 quod

149 987 398 1044 Imagines,
416 1001 521 1045 quae
536 1001 618 1044 per
635 987 836 1031 Oculum
857 987 1161 1042 insinuantur,
1180 1001 1362 1030 sursum
1380 986 1440 1030 ad
1459 986 1728 1030 Sensorium

146 1056 398 1114 quoddam,
420 1056 468 1100 in
490 1056 672 1100 editiori
693 1056 811 1112 loco,
830 1070 910 1100 seu
932 1056 980 1098 in
1005 1056 1222 1111 Cerebro,
1238 1056 1458 1112 positum,
1474 1063 1727 1111 emergant,

146 1126 190 1171 δε
209 1127 258 1171 in
283 1127 549 1171 Intellectus
572 1125 804 1182 sphaeram
827 1140 876 1170 se
893 1126 1139 1170 insinuent.
1200 1126 1408 1182 Apparet
1425 1124 1580 1179 etiam,
1603 1123 1729 1181 quod

147 1209 312 1241 sensus
326 1196 575 1240 verborum
591 1196 638 1239 in
654 1196 866 1252 loquelis,
883 1209 933 1239 se
946 1195 993 1238 in
1009 1195 1182 1238 similes
1198 1194 1376 1251 species
1392 1208 1472 1238 seu
1487 1194 1729 1250 imagines,

143 1265 405 1321 immutent,
427 1265 469 1309 &
490 1265 556 1309 sic
577 1265 813 1309 reformati
845 1279 896 1309 se
926 1265 973 1308 in
1005 1264 1202 1308 eandem
1234 1264 1467 1321 sphaeram
1497 1263 1728 1316 inferant;

145 1334 417 1392 unaquaevis
436 1333 562 1378 enim
582 1347 672 1377 vox
692 1333 898 1390 aliquam
919 1333 1074 1376 ideam
1088 1333 1164 1376 vel
1183 1341 1365 1389 partem
1386 1332 1504 1376 ideae
1522 1332 1729 1376 involvit.

149 1403 370 1448 Similiter
391 1411 644 1460 comparet,
662 1403 788 1460 quod
813 1403 1047 1458 Imagines
1065 1402 1179 1458 istae,
1198 1402 1296 1446 sive
1315 1410 1440 1445 natae
1461 1402 1557 1446 sive
1579 1401 1728 1456 factae,

146 1473 394 1517 visualium
411 1473 603 1529 aemulae,
621 1473 668 1516 in
691 1472 894 1530 quadam
919 1471 1148 1516 Memoria
1170 1485 1220 1515 se
1241 1471 1523 1523 recondant3
1555 1470 1596 1514 ἃ
1618 1471 1731 1514 dum

147 1555 204 1586 ex
227 1541 307 1585 illa
337 1541 386 1585 in
416 1549 622 1586 mentem
652 1548 920 1597 evocantur,
942 1541 1029 1584 sub
1060 1540 1227 1597 specie·
1245 1540 1455 1584 idearum
1485 1539 1729 1596 prodeant,

147 1611 231 1656 sed
252 1625 370 1668 quae,
392 1625 421 1654 a
440 1610 602 1668 primis
631 1609 726 1654 suis
758 1610 1015 1665 cunabulis,
1038 1609 1150 1653 dum
1180 1609 1333 1653 adhuc
1365 1609 1499 1666 quasi
1529 1608 1730 1653 infantes

147 1688 227 1725 aut
241 1680 502 1724 immaturae
516 1687 636 1734 sunt,
649 1678 931 1735 Materiales,
944 1679 1052 1735 quia
1064 1678 1311 1722 visualium
1325 1678 1514 1733 similes,
1524 1678 1730 1722 audiunt.

147 1749 363 1794 Tandem
380 1749 671 1793 sublimiores
688 1748 825 1792 factae
842 1748 1040 1792 induunt
1057 1748 1190 1804 quasi
1208 1748 1411 1805 speciem
1432 1755 1512 1792 aut
1532 1747 1731 1791 formam

148 1819 449 1876 spiritualem,
478 1832 589 1862 nam
618 1817 789 1862 limites
821 1831 902 1861 seu
934 1817 1131 1873 termini,
1163 1817 1331 1874 quibus
1370 1817 1497 1873 prius
1539 1817 1732 1861 circum-

147 1888 334 1946 scriptae
355 1887 550 1943 fuerunt,
573 1887 716 1931 veluti
743 1886 1068 1941 detondentur,
1091 1886 1133 1931 δι
1163 1887 1316 1943 ipsam
1347 1900 1481 1930 suam
1512 1893 1732 1941 mentem,

147 1965 383 2015 utcunque
402 1958 626 2013 limatam,
644 1957 800 2013 fugere
823 1957 1062 2013 incipiunt,
1083 1964 1194 2000 tunc
1216 1956 1553 2000 intellectuales
1576 1956 1617 2000 δε
1642 1957 1733 1999 Im-

146 2027 411 2076 materiales
443 2027 687 2087 dicuntur3
720 2040 833 2069 nam
862 2025 1213 2070 universaliores
1246 2033 1367 2080 sunt,
1391 2039 1533 2083 quam
1563 2033 1615 2070 ut
1646 2025 1732 2069 sub

147 2110 294 2140 unum
329 2096 587 2140 intuitionis
626 2095 919 2151 complexum
955 2095 1140 2139 cadant.
1203 2094 1310 2139 Hac
1346 2095 1525 2139 ratione
1560 2102 1733 2138 nostrae

153 2165 278 2210 Ideae
298 2165 488 2222 propius
506 2165 548 2209 &
564 2165 753 2222 propius
769 2164 832 2208 ad
848 2171 1063 2207 naturam
1081 2178 1160 2208 seu
1176 2164 1428 2208 essentiam
1445 2164 1732 2221 spiritualem

148 2235 393 2295 accedunt,
429 2248 570 2292 seque
607 2234 707 2291 ejus
743 2234 957 2289 regimini
999 2233 1282 2290 subjiciunt:
1327 2234 1453 2291 quod
1488 2233 1561 2277 his
1598 2233 1731 2289 ideis,

149 2303 506 2362 imperceptibili
533 2303 690 2359 modo,
711 2303 1002 2347 associentur
1029 2302 1163 2357 ideae,
1185 2316 1289 2359 quae
1315 2316 1428 2359 pure
1460 2302 1732 2359 Spirituales

151 2375 272 2430 sunt,
293 2373 336 2418 &
365 2373 509 2416 modo
538 2372 657 2416 fines
690 2371 955 2428 inspiciunt,
978 2371 1027 2414 id
1058 2371 1234 2415 clarum
1265 2379 1348 2426 est,
1371 2371 1483 2414 dum
1513 2371 1733 2415 interiora

146 2443 315 2487 harum
327 2442 537 2486 idearum
553 2441 753 2499 penitius
771 2441 1028 2493 intuemur;
1052 2440 1226 2484 namin
1247 2441 1407 2484 Mente
1420 2454 1515 2483 non
1531 2440 1731 2497 amplius

150 2520 202 2557 ut
224 2512 364 2567 Ideae,
386 2511 470 2556 sed
490 2519 541 2555 ut
563 2511 704 2555 Fines
727 2510 775 2553 in
804 2509 904 2553 istis
934 2509 1066 2566 ideis,
1086 2517 1358 2563 versantur3
1390 2509 1455 2553 ita
1486 2510 1732 2567 Spirituale

152 2595 260 2626 cum
283 2580 497 2625 Naturali
519 2580 788 2636 conjugium
809 2579 909 2634 init,
930 2587 1011 2623 aut
1029 2593 1173 2622 unum
1200 2579 1288 2623 sibi
1316 2579 1513 2623 alterum
1541 2593 1733 2623 consors

146 2650 311 2709 jungit.
376 2649 470 2694 Sed
501 2649 734 2706 quaeritur,
763 2648 888 2691 unde
918 2648 1008 2692 hoc
1042 2648 1290 2705 Spirituale
1320 2648 1368 2691 in
1398 2648 1523 2691 hunc
1558 2648 1732 2692 Mentis

150 2720 423 2775 thalamum,
444 2718 623 2772 influit;
653 2718 914 2775 perclarum
941 2725 1024 2772 est,
1047 2717 1174 2774 quod
1202 2731 1298 2761 non
1323 2731 1406 2775 per
1432 2717 1554 2761 fores
1576 2718 1731 2772 Visus,

152 2803 236 2834 seu
274 2789 400 2833 viam
439 2787 710 2844 imaginum,
750 2800 861 2829 nam
900 2786 975 2830 hae
1016 2794 1123 2830 sunt
1164 2786 1305 2831 modo
1346 2786 1533 2830 luminis
1570 2786 1732 2830 solaris

153 2857 344 2915 species,
376 2870 481 2914 quae
511 2856 559 2899 in
591 2870 641 2900 se
672 2856 790 2899 nihil
822 2855 1030 2899 Luminis
1070 2855 1330 2912 Spiritualis
1365 2855 1617 2909 continent,
1649 2854 1733 2898 sed

153 2926 281 2985 quod
300 2927 375 2970 hae
395 2940 424 2969 a
445 2939 529 2969 suo
550 2925 725 2969 lumine
741 2924 982 2968 illustratae
997 2924 1038 2968 δε
1053 2924 1267 2969 excitatae
1283 2938 1467 2968 sursum
1483 2924 1733 2979 eleventur,

154 2999 205 3037 ut
242 2990 425 3036 Lumini
463 2990 700 3048 Spirituali
737 2997 982 3035 occurrant
1018 2990 1060 3034 δε
1096 2990 1465 3048 conjungantur;
1509 2988 1558 3033 id
1589 2989 1732 3035 etiam
