2106 3450
505 263 606 308 DE
648 263 900 308 AMORE
938 253 1423 308 PRIMOGEM'TJ.
1676 275 1753 319 141

174 387 402 439 omnino
438 386 613 447 refert,
658 392 718 437 ut
760 385 1012 447 sciamuS,
1052 386 1174 452 quis
1219 393 1316 448 est,
1360 385 1407 450 &
1447 385 1624 452 qualis
1668 386 1759 437 ille

174 472 368 536 Amor,
403 471 505 524 sub
539 471 692 538 cujus
736 478 871 522 nutu
915 470 1094 532 Orbis,
1129 488 1295 537 quem
1336 471 1607 523 credimus
1641 473 1760 528 esse

176 566 440 621 nostrum,
461 558 668 625 regitur
690 577 700 609 ε
739 556 882 610 Sunt
902 557 1049 608 enim
1071 556 1310 607 Amores
1337 557 1548 620 infiniti,
1570 575 1759 609 verum

177 661 333 707 unuS,
359 644 606 696 omnium
634 649 818 710 partes
842 642 944 694 sibi
977 643 1342 710 potissimum,
1369 643 1423 694 in
1459 644 1760 711 unaquavis

178 730 387 794 Mente,
414 729 678 797 deposcit,
706 729 814 796 qui,
841 736 902 780 ut
936 745 1223 796 supremus
1260 729 1587 792 moderator,
1613 747 1763 781 sum-

177 832 327 867 mam
353 832 533 867 rerum
560 815 925 877 administrat,
954 814 1002 866 81
1038 815 1180 865 inter
1213 822 1443 866 caeteros
1478 815 1761 883 dispensat

175 901 387 953 officia:
449 901 498 953 &
551 901 679 968 quia
727 900 964 952 totidem
1012 917 1241 952 numero
1293 908 1436 964 sunt,
1486 902 1761 953 distinctae

177 994 377 1038 nostrae
421 987 801 1054 perceptiones
846 994 1114 1054 pereunt;
1174 1003 1303 1037 nam
1354 1004 1468 1053 prae
1520 987 1638 1038 sola
1682 988 1763 1038 in-

176 1071 402 1135 finitate,
430 1073 750 1140 cumprimis
778 1073 1002 1139 quando
1029 1073 1196 1124 etiam
1232 1073 1514 1136 dissident,
1543 1074 1763 1125 Mentes

175 1158 451 1227 caligant3
489 1176 613 1225 quae
655 1159 823 1210 etiam
864 1175 1030 1210 causa
1069 1166 1166 1222 est,
1194 1159 1344 1226 quod
1385 1160 1456 1222 id,
1485 1160 1634 1227 quod
1677 1167 1761 1211 est

176 1261 342 1296 omne
392 1245 447 1295 in
498 1244 771 1306 omnibuS,
823 1244 1054 1296 intuitus
1103 1253 1336 1308 nostrOS,
1379 1263 1491 1313 prae
1537 1246 1762 1308 caeteriS,

174 1382 388 1426 vocando
416 1382 680 1426 Anatomen
713 1382 899 1426 Cerebri
923 1382 970 1425 in
998 1397 1182 1439 genere,
1205 1390 1304 1427 tum
1333 1384 1476 1428 etiam
1508 1384 1762 1429 Doctrinas

179 1452 469 1506 Formarum,
494 1451 683 1494 Ordinis
716 1451 758 1495 ὃς
792 1451 1046 1507 Graduum,
1067 1460 1117 1496 ut
1149 1452 1190 1496 &
1225 1453 1499 1508 Influxuum,
1521 1468 1577 1498 ac
1601 1454 1761 1498 Corre-

178 1521 574 1578 spondentiarum,
605 1521 846 1576 pervenire
881 1535 1144 1577 possumus,
1177 1522 1239 1565 ad
1277 1522 1617 1578 Cognitionem,
1650 1537 1763 1580 quo·

176 1589 319 1633 modo
343 1589 575 1646 Principia
596 1589 675 1632 illa
695 1589 894 1633 formata
916 1597 1036 1645 sunt,
1055 1604 1136 1634 seu
1153 1591 1390 1647 quomodo
1412 1606 1468 1635 ex
1488 1592 1763 1648 purissimis,

176 1667 257 1704 aut
295 1658 517 1703 fibrarum
560 1659 779 1716 Corporis
815 1659 996 1703 aemulis
1034 1659 1162 1703 fibris
1201 1668 1417 1704 contexta
1435 1677 1446 1714 ;
1495 1662 1537 1705 δε
1573 1662 1764 1718 quidem

177 1727 417 1773 evidenter
446 1728 508 1771 ad
539 1741 658 1782 eam,
680 1728 806 1785 quod
837 1728 1088 1772 staminula
1119 1729 1198 1773 illa
1228 1737 1447 1774 extremae
1480 1731 1763 1787 subtilitatis,

169 1797 396 1842 fibrarum
420 1798 654 1855 Corporis,
676 1806 726 1842 ut
748 1798 856 1854 dixi,
878 1799 1062 1853 aemula,
1085 1813 1167 1843 seu
1189 1814 1272 1857 per
1292 1801 1597 1845 eminentiam
1618 1802 1761 1857 fibrae,

175 1881 270 1912 non
303 1867 422 1912 ferre
456 1876 630 1925 queant
666 1868 807 1912 talem
843 1869 1112 1923 essentiam,
1143 1877 1223 1913 aut
1259 1870 1352 1914 tale
1386 1871 1592 1926 fluidum,
1627 1873 1763 1929 quale

176 1935 307 1980 fibrae
338 1937 399 1980 ab
430 1936 520 1979 illis
557 1936 810 1989 derivatae3
856 1937 1054 1993 proinde
1091 1952 1185 1981 non
1224 1938 1446 1995 Spiritum
1481 1939 1764 1995 Animalem,

147 2050 152 2056 ,
175 2006 330 2050 minus
345 2005 629 2061 Sanguinem
645 2006 848 2060 rubrum,
864 2006 1050 2063 qualem
1065 2008 1206 2061 Vasa,
1221 2021 1302 2051 seu
1318 2008 1514 2052 Arteriae
1531 2009 1572 2052 &
1589 2011 1735 2053 Venae
1752 2026 1762 2062 ;

176 2075 261 2119 sed
290 2075 395 2119 loco
425 2075 609 2118 illorum
641 2075 846 2131 aliquam
882 2076 1135 2119 essentiam
1167 2077 1240 2120 cui
1271 2077 1368 2120 vita
1399 2077 1533 2133 inest,
1567 2079 1763 2135 proinde

175 2145 320 2200 illam,
337 2158 441 2202 quae
458 2145 518 2187 ab
536 2144 637 2201 ipso
657 2145 806 2188 Fonte
823 2145 946 2188 Vitae
963 2145 1137 2199 defluit,
1151 2146 1192 2189 &
1209 2146 1282 2189 cui
1303 2147 1499 2203 Spiritus
1517 2149 1762 2205 Animalis,

176 2213 220 2258 ἃ.
248 2214 437 2259 demum
470 2213 671 2270 Sanguis
702 2214 840 2257 ruber
870 2214 918 2257 in
952 2215 1158 2270 Corpore
1190 2216 1567 2272 correspondent,
1591 2217 1763 2274 quique

174 2283 236 2327 ab
257 2283 313 2327 ea
334 2283 475 2327 etiam
496 2297 630 2326 suam
651 2283 796 2326 vitam
818 2283 1067 2327 sortiuntur
1086 2299 1097 2336 ;
1130 2284 1232 2327 haec
1251 2285 1363 2328 Vita
1383 2293 1468 2339 est,
1487 2299 1590 2342 quae
1612 2286 1763 2343 ipsam

178 2353 391 2396 Mentem
426 2359 649 2407 nostram,
686 2365 768 2395 seu
804 2352 1033 2408 principia
1070 2353 1303 2409 organica,
1342 2362 1500 2398 actuat
1537 2355 1578 2398 &
1615 2356 1732 2411 regit
1752 2372 1763 2409 ;

177 2435 320 2479 quare
347 2421 527 2478 dicitur,
549 2421 678 2478 quod
702 2422 743 2464 S
742 2422 958 2478 apientioe
989 2422 1050 2466 ἄψ
1079 2422 1409 2479 Intelligentioe
1440 2424 1492 2467 in
1521 2425 1681 2468 Fibris
1710 2440 1767 2469 ac

188 2491 323 2535 Venis
350 2505 545 2535 suorum
580 2491 856 2547 Corporum,
888 2504 982 2533 non
1013 2491 1320 2547 Sanguinem,
1343 2492 1428 2535 sed
1452 2493 1694 2545 Amorem,
1715 2495 1771 2537 id

176 2565 257 2615 est,
278 2561 380 2617 ejus
398 2561 551 2604 vitam
579 2560 636 2602 ab
665 2560 741 2602 Eo
771 2559 879 2615 Ipso
909 2560 1118 2615 infusam
1150 2573 1205 2603 ac
1233 2562 1570 2620 continuatam,
1580 2564 1762 2618 ferant.

178 2629 300 2673 Haec
329 2630 510 2686 plenius
542 2629 584 2672 δε
616 2628 783 2672 clarius
815 2628 876 2672 ab
907 2628 1019 2685 ipsis
1053 2629 1383 2674 Phaenomenis
1416 2631 1457 2674 δι
1491 2632 1763 2687 Effectibus,

178 2712 320 2756 quam
341 2713 425 2756 per
445 2699 695 2742 obscuram
718 2698 759 2741 δε
783 2698 1040 2754 spatiosam
1056 2698 1181 2742 viam
1197 2700 1527 2744 Anatomicam
1549 2701 1590 2745 δε
1610 2702 1763 2745 Philo-

179 2767 436 2824 sophicam‚
467 2767 831 2819 confirmantur3
877 2767 1062 2811 tametsi
1093 2768 1320 2812 beneficio
1351 2770 1546 2813 istarum
1579 2771 1764 2814 Doctri-

177 2849 357 2892 narum,
370 2850 567 2893 quarum
589 2850 728 2892 supra
745 2836 919 2879 mentio
936 2836 1059 2880 facta
1075 2845 1160 2893 est,
1175 2838 1341 2882 eadem
1358 2854 1546 2896 prorsus
1570 2839 1762 2883 demon-

179 2905 315 2948 strari
337 2913 524 2962 queant,
547 2905 631 2950 sed
652 2919 747 2950 non
769 2905 1132 2962 intelligibiliter,
1150 2907 1240 2951 nisi
1261 2908 1528 2953 Anatomiae
1546 2908 1587 2952 δε
1611 2909 1761 2952 Philo-

180 2974 358 3030 sophiae
379 2974 552 3031 peritis.
608 3030 611 3031 ⁷
