2106 3450
529 234 630 278 DE
666 233 917 277 AMORE
955 234 1434 279 PRIMOGENITI.
1691 247 1770 291 113

199 370 324 406 eum
353 355 620 424 depinge;
659 355 871 417 vellem,
900 363 960 407 ut
994 357 1374 407 tenuissimum
1413 356 1543 408 illud
1571 358 1769 418 velum,

198 441 348 508 quod
388 442 607 492 dixeras
651 441 1047 507 interpositum,
1094 441 1233 492 foret
1277 443 1594 506 rescissum3
1642 443 1770 493 hinc

197 527 422 593 paulum
468 526 599 577 mihi
644 543 953 589 succenseO,
1000 526 1048 577 &
1094 526 1194 577 tibi
1240 528 1472 590 invideo,
1516 530 1664 594 quod
1695 537 1769 580 >tu

198 611 342 663 Eum
369 613 575 679 absque
600 628 689 663 me
714 613 1008 679 perspicias
1030 629 1041 675 ;
1081 629 1176 663 cur
1201 621 1297 663 tua
1328 613 1488 664 Mens
1516 615 1767 680 penitiuS,

196 714 364 764 quam
397 714 531 760 mea,
560 704 773 748 tuetur:
812 697 911 760 his,
939 697 1332 750 adblandiente
1366 699 1540 761 ocu10‚
1567 699 1768 760 favenS,

198 783 316 834 Nos
357 783 667 850 Sapientiae,
695 783 991 851 respondit,
1026 783 1306 835 Mentibus
1348 785 1544 835 nostris
1584 802 1771 836 sumus

195 885 364 936 penes
390 877 542 920 tuam
570 876 816 932 matrem,
845 886 939 920 seu
967 867 1247 932 Animam,
1271 877 1327 921 at
1356 870 1688 937 Corporibus
1717 872 1771 921 in

193 962 292 1006 tuo
327 954 609 1018 Helicone,
636 963 730 1006 aut
764 971 933 1022 penes
968 962 1056 1019 te;
1095 955 1188 1006 illa
1219 972 1329 1006 non
1371 963 1552 1007 tecum
1594 964 1676 1007 est
1715 957 1767 1007 in

194 1039 475 1103 Terrestri,
494 1041 605 1104 sed,
626 1058 750 1092 cum
780 1041 950 1103 Divis,
979 1042 1031 1092 in
1061 1041 1281 1094 Caelesti
1312 1042 1571 1093 Paradiso
1594 1060 1606 1106 ;
1643 1043 1772 1094 inde

193 1125 287 1177 illa
320 1126 501 1178 haurit
533 1128 875 1194 cognitiones
910 1127 1237 1190 bonitatum,
1271 1145 1408 1194 quas
1442 1146 1539 1195 per
1579 1146 1678 1180 nos
1722 1129 1770 1180 &

193 1213 362 1264 nostri
396 1213 637 1280 corporis
671 1213 823 1275 vires,
852 1212 907 1262 in
942 1219 1095 1263 tuam
1131 1220 1371 1265 mentem
1408 1213 1638 1266 reflectit
1656 1214 1770 1282 (a);

254 1357 316 1413 (a)
354 1358 547 1413 Dicitur,
569 1358 694 1415 quod
715 1358 829 1415 ipsae
854 1358 1038 1402 Mentes
1063 1358 1404 1415 Sapientiarum
1430 1359 1522 1403 sint
1552 1360 1599 1403 in
1628 1361 1769 1417 adyto

194 1439 337 1483 penes
360 1427 610 1479 Animam3
642 1427 684 1470 δι
706 1426 832 1483 quod
860 1441 1019 1470 earum
1050 1427 1256 1483 Corpora
1285 1427 1332 1470 in
1363 1429 1590 1484 sacrariis,
1613 1443 1692 1473 seu
1722 1430 1768 1472 in

190 1495 288 1551 ejus
312 1495 486 1549 Mente,
508 1509 612 1552 quae
632 1495 869 1539 rationalis
893 1509 974 1539 seu
995 1495 1316 1539 intellectualis
1345 1505 1568 1540 vocatur:
1602 1512 1766 1543 verum

191 1571 240 1606 ut
262 1562 311 1606 id
331 1563 497 1607 clarius
518 1569 784 1620 exponatur,
809 1563 1049 1607 sciendum
1076 1571 1162 1618 est,
1183 1564 1309 1620 quod
1337 1566 1646 1621 operationes,
1669 1576 1766 1620 aut,

194 1633 234 1676 si
259 1632 424 1688 mavis,
445 1632 703 1676 activitates
731 1640 903 1676 nostrae
930 1632 1098 1676 mentis
1127 1634 1380 1688 rationalis,
1403 1635 1494 1678 sint
1523 1636 1664 1679 modo
1693 1650 1769 1679 ac-

193 1701 393 1746 tivitates
429 1715 698 1746 communes
734 1710 904 1745 nostrae
944 1702 1114 1745 animae
1154 1702 1199 1744 in
1236 1702 1474 1759 principiis
1517 1704 1625 1759 suis,
1664 1719 1768 1762 quae

192 1771 333 1815 etiam
369 1779 474 1815 sunt
510 1771 736 1828 principia
772 1771 1004 1825 fibrarum,
1038 1784 1118 1814 seu
1144 1768 1230 1814 'ubi
1268 1779 1338 1815 est
1371 1786 1587 1829 suprema
1621 1776 1767 1819 nostri

193 1840 410 1897 Corporis
438 1840 635 1896 sphaera,
657 1840 699 1884 δε
730 1848 999 1884 caeterarum
1031 1841 1163 1897 quasi
1198 1841 1425 1898 Olympus
1456 1857 1538 1886 seu
1573 1844 1764 1887 Caelum.

194 1910 370 1953 Notum
402 1910 527 1953 enim
559 1917 644 1964 est,
679 1909 804 1965 quod
840 1922 1002 1952 omnes
1038 1909 1200 1953 formae
1233 1909 1326 1954 sint
1359 1911 1767 1957 determinationes

191 1978 478 2032 essentiales,
501 1991 581 2021 seu
601 1977 728 2034 quod
748 1977 1110 2021 determinentur
1137 1977 1198 2020 ab
1222 1978 1292 2033 iis,
1310 1992 1414 2035 quae
1443 1981 1657 2024 essentiae
1686 1996 1769 2026 seu

192 2047 457 2091 essentialia
477 2047 637 2090 formae
658 2046 874 2090 dicuntur
890 2062 902 2099 ;
934 2046 1035 2090 haec
1057 2046 1324 2090 essentialia
1344 2062 1439 2090 non
1455 2050 1596 2092 modo
1619 2050 1768 2106 desig-

190 2123 306 2160 nant
339 2116 381 2160 &
408 2116 668 2172 producunt
695 2115 907 2169 formam,
938 2114 1021 2158 sed
1049 2115 1190 2158 etiam
1218 2115 1345 2170 dant,
1368 2123 1416 2159 ut
1444 2115 1593 2161 forma
1622 2118 1682 2161 ab
1710 2119 1767 2163 iis

191 2185 407 2240 conflata,
424 2185 518 2228 suis
540 2184 736 2240 propriis
757 2183 933 2227 naturis
956 2183 997 2226 δε
1019 2183 1191 2226 viribus
1208 2184 1423 2239 gaudeat,
1438 2184 1479 2228 &
1496 2199 1550 2229 ex
1567 2186 1622 2230 iis
1638 2195 1747 2243 agat
1754 2204 1766 2242 ;

189 2254 237 2298 in
258 2268 374 2312 quas
406 2253 671 2298 essentialia
702 2253 781 2296 illa
811 2267 892 2297 seu
920 2252 1136 2297 essentiae
1168 2252 1376 2308 influunt,
1400 2254 1517 2298 sicut
1540 2255 1766 2313 principia

190 2331 270 2368 aut
304 2323 506 2367 rationes
539 2323 587 2365 in
624 2336 731 2366 suas
767 2335 965 2366 causas:
1011 2321 1270 2365 activitates
1307 2322 1464 2379 itaque
1501 2323 1663 2368 forrnae
1699 2326 1766 2369 sic

190 2393 462 2450 compositae
501 2399 581 2435 aut
621 2391 956 2446 determinatae,
992 2390 1207 2434 dicuntur
1247 2390 1353 2434 ideo
1389 2392 1649 2438 activitates
1685 2409 1766 2438 seu

190 2461 482 2519 operationes
503 2474 774 2505 communes
795 2459 960 2516 prioris
981 2475 992 2512 3
1023 2459 1064 2503 ἃ
1086 2459 1152 2503 sic
1174 2460 1421 2503 assimilari
1443 2470 1639 2517 possunt
1660 2464 1766 2506 viri-

188 2533 276 2576 bus
306 2531 501 2587 alicujus
535 2530 766 2587 Corporis,
789 2543 893 2586 quae
923 2529 1085 2584 fluunt,
1105 2537 1154 2572 ut
1184 2529 1232 2572 in
1263 2530 1414 2586 nobis,
1434 2545 1463 2574 a
1485 2531 1765 2575 determina-

188 2601 391 2645 tionibus
424 2613 519 2644 suae
554 2599 726 2643 Mentis
756 2599 830 2642 vel
860 2598 1058 2641 Animae.
1121 2598 1260 2642 Tales
1292 2599 1434 2643 etiam
1464 2609 1572 2645 sunt
1592 2611 1764 2646 nostrae

192 2671 376 2714 Mentes
397 2668 652 2726 respective
672 2667 733 2711 ad
754 2667 974 2710 Animam
993 2683 1004 2720 ;
1037 2666 1160 2710 unde
1183 2668 1396 2711 concludi
1425 2677 1592 2725 potest,
1615 2671 1764 2727 qualis

189 2749 259 2782 est
291 2738 487 2782 influxus
517 2746 702 2780 mutuus
733 2736 869 2779 unius
900 2736 947 2779 in
977 2736 1185 2780 alteram.
1249 2736 1345 2780 Sed
1372 2738 1446 2781 hie
1477 2739 1631 2793 etiam,
1655 2741 1764 2796 quia

190 2807 393 2863 interest,
435 2805 733 2863 explicandus
778 2812 880 2857 est3
929 2804 1032 2860 ipsa
1073 2804 1151 2847 illa
1190 2805 1470 2861 essentialia,
1511 2821 1616 2864 quae
1658 2817 1766 2851 sunt

190 2875 557 2930 determinantia,
589 2888 772 2930 semper
801 2875 1013 2928 formam,
1046 2887 1187 2929 quam
1219 2881 1413 2929 struunt,
1446 2876 1507 2918 ad
1544 2876 1764 2919 similium

190 2945 478 2989 activitatum
499 2958 579 2989 seu
599 2944 778 2998 virium,
799 2951 879 2987 aut
901 2942 939 2986 si
962 2943 1031 2986 vis
1060 2942 1319 2999 modorum,
1341 2957 1447 2987 cum
1478 2945 1587 3000 suiS,
1609 2958 1763 3001 recep-

962 3027 983 3066 I
