2106 3450
386 296 414 336 4
710 284 940 328 CAPUT
972 285 1271 344 PRIMUM,
1312 288 1553 333 SECTIO
1594 289 1633 333 l.

459 407 506 458 6.
548 408 765 462 Circum
802 427 1061 477 magnum
1098 410 1256 470 Solis,
1293 411 1340 463 &
1373 412 1489 478 ejus
1523 411 1818 463 errantium
1850 411 1954 464 Or·
1986 396 1991 400 ³

387 493 552 557 bium,
591 495 894 563 horumque
935 498 1197 548 comitum
1234 498 1528 559 Lunarum,
1568 498 1839 564 Systema,
1874 498 1955 548 in-

389 580 746 631 numerabilia
796 581 1005 648 fulgent
1055 581 1238 645 Astra,
1281 600 1403 649 quae
1447 583 1657 635 Caelum
1707 590 1953 634 nostrum

388 662 722 717 Stelliferum
751 667 805 717 in
833 668 1121 718 duodecim
1152 667 1333 734 Signa,
1362 669 1660 719 secundum
1689 669 1957 719 sectiones

389 749 626 813 Zodiaci‚
654 753 903 815 divisum,
930 753 1285 816 constituunt,
1313 753 1360 804 &
1387 754 1807 804 immensitatem
1839 752 1956 819 ejus

388 837 779 902 aspectabilem
797 839 1008 890 sistunt.
1050 839 1279 905 Singula
1295 839 1411 889 haec
1428 838 1597 890 Astra
1613 839 1728 889 fixa
1746 838 1954 900 sedent,

389 920 437 972 ἃ
466 929 730 989 tanquam
761 924 954 975 Icones
981 926 1165 991 magni
1201 924 1359 987 Solis,
1386 925 1439 974 in
1475 925 1689 976 Centris
1724 925 1956 975 immota

346 997 351 1000 ⁸
386 1007 553 1058 etiam
579 1010 853 1075 quendam
875 1027 1145 1076 campum,
1164 1011 1326 1060 radiis
1346 1010 1455 1061 suis
1476 1011 1773 1061 excitatum
1797 1027 1955 1061 occu-

385 1100 521 1158 pant
541 1111 553 1157 ;
593 1095 805 1161 sibique
840 1112 980 1158 eum,
1011 1103 1071 1146 ut
1097 1112 1269 1145 -suum
1307 1096 1582 1163 proprium
1621 1096 1953 1148 Universum

383 1178 676 1245 subjiciunt
704 1179 751 1231 &
776 1181 1048 1231 addicant.
1101 1179 1253 1246 Quot
1279 1181 1462 1247 itaque
1490 1181 1681 1233 Sidera
1707 1189 1954 1232 nostrum
1981 1244 1987 1250 .

384 1265 646 1331 stipantia
696 1265 744 1316 &
795 1266 1114 1316 coronantia
1158 1267 1445 1328 Mundum,
1490 1274 1573 1317 tot
1616 1267 1782 1318 etiam
1827 1275 1954 1318 sunt

387 1349 671 1412 Universa,
683 1351 980 1401 secundum
990 1351 1244 1401 virtutem
1256 1351 1303 1402 ἃ
1319 1352 1684 1417 quantitatem
1705 1351 1954 1403 Luminis

384 1434 454 1484 ab
482 1435 586 1486 illis
611 1436 928 1498 eradiatam,
958 1436 1168 1503 majora
1194 1437 1525 1503 minoraque.
1606 1436 1682 1487 Hi
1709 1437 1953 1488 caelestes

385 1520 526 1572 Circi
567 1538 624 1571 se
657 1529 850 1572 mutuo
883 1529 1140 1573 contactu
1178 1529 1446 1588 premunt,
1475 1521 1522 1572 &
1558 1521 1746 1588 ligant,
1776 1522 1823 1574 81
1858 1539 1956 1590 per

381 1609 858 1658 concatenationes
899 1616 1167 1674 'perennes
1217 1607 1492 1658 caelestem
1542 1607 1955 1675 conglomerant

385 1691 687 1758 Sphaeram,
706 1692 753 1743 ἃ
775 1711 872 1760 per
891 1692 1129 1744 infinitos
1150 1693 1307 1743 orbes
1327 1694 1656 1744 concinnant
1678 1694 1950 1756 Formam,

382 1795 505 1843 quae
533 1779 778 1828 omnium
806 1778 1144 1845 sphaerarum
1174 1778 1221 1829 &
1243 1778 1540 1828 formarum
1562 1779 1847 1846 exemplar
1866 1780 1949 1842 sit,

381 1865 435 1913 in
463 1881 571 1930 qua
598 1881 788 1915 omnes
817 1865 864 1916 &
892 1864 1089 1931 singuli
1116 1866 1236 1931 gyri
1261 1864 1504 1914 stellares
1531 1865 1951 1916 concordissime

381 1950 435 1998 in
473 1967 640 1999 unum
676 1951 932 2016 idemque
967 1952 1295 2017 conspirant,
1327 1950 1544 2011 scilicet,
1571 1957 1631 2000 ut
1664 1967 1722 2000 se
1759 1958 1950 2002 mutuo

382 2035 769 2086 constabiliant
805 2035 852 2086 &
887 2035 1118 2097 firment,
1155 2053 1226 2086 ex
1259 2036 1367 2102 qua
1402 2036 1601 2086 unione
1630 2052 1665 2090 a
1703 2035 1950 2088 bonitate

381 2120 571 2170 formae
598 2122 909 2183 resultante,
938 2121 1260 2186 complexus
1286 2120 1372 2170 hic
1402 2120 1807 2182 Universorum‚
1836 2121 1882 2171 F
1884 2122 1951 2172 ir-

381 2213 721 2256 mamentum
740 2207 938 2257 dicitur
951 2206 1045 2274 (b>;
1062 2222 1189 2256 nam
1208 2206 1261 2255 in
1280 2205 1355 2255 sic
1373 2207 1684 2256 consociato
1702 2207 1948 2258 maximo

441 2355 499 2411 (b)
524 2357 639 2399 Haec
672 2359 853 2413 Forma,
877 2372 1017 2414 quam
1048 2358 1208 2402 Sidera
1231 2372 1335 2401 cum
1356 2357 1450 2400 suis
1475 2357 1716 2401 Universis
1737 2371 1820 2414 per
1840 2359 1948 2402 con'-

382 2429 654 2472 sertationes
673 2430 791 2473 inter
812 2444 861 2473 se
882 2438 1055 2483 mutuo,
1075 2430 1380 2473 determinant
1396 2438 1473 2473 aut
1496 2430 1767 2485 coefficiunt,
1783 2430 1825 2473 δε
1846 2445 1949 2488 quae

382 2498 487 2541 ideo
512 2498 720 2541 Caelestis
741 2500 1012 2555 appellatur,
1035 2500 1094 2542 ab
1119 2500 1276 2543 Oculis
1301 2499 1347 2541 in
1376 2499 1570 2542 Telluris
1600 2499 1750 2542 Globo
1779 2500 1947 2543 consti-

380 2566 506 2621 tutis,
523 2579 831 2622 nequaquam,
851 2567 887 2609 si
910 2568 1025 2610 visui
1050 2567 1164 2610 fides
1186 2567 1415 2621 habenda,
1431 2566 1621 2622 agnosci
1642 2575 1808 2622 potest,
1824 2568 1950 2624 quod

382 2634 589 2678 omnium
622 2635 894 2677 Formarum
931 2636 1093 2679 Mundi
1124 2635 1456 2692 perfectissima
1488 2635 1575 2687 sit;
1630 2636 1802 2678 Oculus
1823 2636 1947 2679 enim

381 2718 475 2747 non
497 2711 708 2760 penetrat
730 2704 777 2746 in
800 2704 1043 2748 distantias
1064 2705 1198 2748 unius
1223 2704 1395 2748 Sideris
1414 2705 1474 2747 ab
1491 2704 1646 2758 altero,
1665 2705 1747 2747 sed
1763 2718 1819 2748 ea
1840 2719 1948 2748 con-

379 2772 629 2828 templatur
663 2779 883 2828 tanquam
922 2774 1147 2816 collocata
1182 2773 1229 2815 in
1263 2786 1468 2828 expanso
1499 2772 1713 2829 quodam,
1745 2787 1888 2815 unum
1918 2789 1948 2817 a

381 2843 526 2884 latere
547 2840 734 2883 alterius
756 2856 766 2892 ;
799 2841 905 2883 inde
928 2842 1044 2885 sicut
1066 2842 1241 2898 absque
1263 2841 1434 2896 ordine,
1451 2849 1500 2884 ut
1522 2842 1756 2896 congeries
1779 2841 1947 2885 inordi-

381 2917 507 2963 nata,v
529 2917 751 2965 apparent
773 2924 780 2951 :
814 2923 960 2966 usque
979 2917 1135 2953 tamen
1163 2910 1287 2966 quod
1317 2910 1486 2952 Forma
1512 2923 1568 2952 ex
1595 2909 1801 2952 omnium
1831 2911 1948 2954 Uni·

381 2992 616 3022 versorum
641 2977 931 3021 Sidereorum
954 2986 1257 3022 concatenata
1279 2978 1392 3021 serie
1418 2978 1631 3032 conflata,
1654 2978 1711 3021 sit
1740 2978 1946 3022 omnium
