2106 3450
538 262 637 305 DE
680 262 865 307 ORTU
903 262 1248 306 TELLURIS.
1650 272 1676 316 7

108 388 301 434 aetates
334 391 595 436 crescunt.
673 383 769 436 Sol
804 381 1068 451 tanquam
1104 384 1427 451 grandaevus
1463 386 1678 447 ParenS,

108 467 210 520 hos
235 477 510 521 currentes
536 469 752 532 Globos‚
782 487 890 521 non
917 487 1072 521 secus
1096 487 1160 521 ac
1186 488 1313 521 suos
1348 471 1540 533 Natos,
1563 471 1678 537 jam

30 565 35 569 ’
109 554 275 623 longo
309 555 587 607 confectos
623 573 757 616 aeVO‚
796 556 1021 623 aspicit;
1060 557 1114 606 in
1154 573 1266 606 rem
1308 557 1452 607 enim
1490 573 1680 607 eorum

108 657 459 692 communem
511 641 559 692 &
602 640 934 708 singularem
979 650 1295 693 constanter
1334 641 1584 704 consulit,
1631 641 1678 692 &

34 711 40 722 ’
109 727 330 778 tametsi
363 727 586 790 distant,
622 744 810 778 eorum
844 745 1018 795 usque
1050 736 1372 795 perpetuam
1409 745 1593 779 curam
1631 726 1679 778 &

108 813 447 880 parentelam
475 814 592 864 obit
614 832 625 877 ;
661 814 725 864 iis
752 815 897 865 enim
925 831 1022 881 per
1046 831 1173 865 suos
1200 815 1380 865 radios
1415 822 1679 881 tanquam

109 915 349 966 praesens
384 900 542 951 adest
583 899 631 950 &
665 901 959 967 prospicit;
1000 917 1092 951 eos
1133 899 1327 953 Calore
1366 918 1438 951 ex
1479 916 1682 966 magno

108 984 230 1036 sinu
263 993 583 1053 erumpente
609 985 789 1050 fovet3
842 986 1087 1053 Corpora
1119 985 1168 1037 ἃ
1207 986 1461 1038 Membra
1495 1003 1682 1037 eorum

107 1072 492 1122 venustissimo
518 1071 722 1123 amictu
758 1072 1051 1138 quotannis
1087 1080 1277 1123 ornat:
1341 1071 1556 1123 Incolas
1591 1089 1683 1139 pe-

109 1156 262 1208 renni
302 1157 449 1208 victu
485 1159 687 1209 enutrit
707 1175 719 1221 ;
780 1157 1046 1210 Omnium
1081 1160 1252 1209 vitam
1289 1165 1548 1225 prorogat
1569 1175 1580 1221 3
1621 1175 1685 1208 ac

43 1236 46 1240 ’
109 1243 331 1310 insuper
350 1242 555 1294 lumine
577 1243 812 1314 illustrat
838 1242 919 1311 (c).
974 1244 1114 1296 Cum
1139 1244 1235 1296 Sol
1256 1246 1333 1296 ita
1353 1261 1544 1295 omnes
1570 1244 1685 1294 offi-

109 1329 316 1380 ciorum
361 1329 607 1380 Parentis
645 1329 952 1382 functiones
990 1331 1298 1397 exequitur,
1337 1348 1408 1381 ex
1447 1347 1595 1381 nexu
1637 1328 1685 1380 &

109 1470 221 1500 nam
251 1457 299 1500 in
330 1457 409 1500 illa
442 1471 536 1501 non
570 1457 706 1501 datur
736 1457 877 1500 fixum
913 1458 1150 1515 quoddam
1181 1466 1403 1512 centrum,
1437 1458 1520 1502 sed
1556 1466 1685 1515 quot-

111 1540 292 1583 cunque
327 1534 515 1583 puncta‚
551 1534 620 1570 tot
658 1527 841 1581 Centra,
881 1526 946 1570 sic
983 1534 1033 1570 ut
1074 1541 1235 1570 omnes
1277 1527 1376 1583 ejus
1413 1528 1689 1584 conscriptae

111 1595 521 1640 determinationes
539 1611 596 1640 ex
612 1596 750 1639 meris
770 1596 951 1639 Centris
968 1604 1047 1640 aut
1065 1596 1552 1653 repraesentationibus
1573 1597 1689 1640 Cen-

111 1665 169 1709 tri
190 1665 390 1709 existant
409 1681 420 1718 ;
453 1679 546 1721 quo
567 1673 719 1721 pacto,
741 1665 855 1708 nihil
877 1673 925 1708 ut
952 1665 1190 1721 proprium
1217 1665 1384 1721 respici
1412 1673 1580 1722 potest,
1601 1666 1690 1709 nisi

110 1734 204 1778 tale
225 1732 284 1778 sit
308 1742 358 1777 ut
388 1749 445 1778 ex
475 1734 724 1789 communi,
749 1748 830 1778 seu
861 1748 918 1778 ex
948 1734 1164 1777 omnibus
1199 1734 1397 1789 Centris,
1419 1749 1523 1791 quae
1555 1735 1691 1779 simul

111 1811 265 1848 sumta
286 1817 533 1847 commune
554 1803 826 1860 producunt,
850 1803 911 1846 ad
934 1817 983 1848 se
1003 1811 1053 1847 ut
1082 1803 1231 1846 simile
1263 1804 1486 1847 Centrum
1514 1804 1689 1859 influat,

111 1873 154 1917 &
175 1887 259 1930 per
278 1873 439 1916 orbem
460 1873 508 1916 in
528 1886 623 1916 rem
649 1873 869 1928 omnium,
890 1887 971 1917 seu
994 1873 1039 1916 in
1063 1887 1322 1928 commune,
1343 1873 1518 1917 refluat.
1584 1875 1690 1918 Hoc

112 1943 302 2001 quidem
321 1942 471 2002 primo
492 1942 659 1986 intuitu
680 1950 904 1999 tanquam
930 1942 1237 1999 peregrinum,
1262 1942 1370 1998 quia
1391 1956 1417 1985 e
1438 1943 1691 2000 longinquo

112 2025 195 2056 seu
216 2011 277 2055 ab
298 2010 493 2068 objectis
515 2010 660 2054 nostri
686 2011 825 2054 Visus
855 2018 1033 2054 remoto
1061 2011 1272 2066 petitum,
1293 2024 1388 2053 non
1415 2018 1569 2066 potest
1595 2025 1689 2054 non

111 2093 364 2138 apparere3
394 2094 556 2124 verum
577 2080 702 2137 quod
723 2080 787 2123 ita
809 2094 859 2123 se
886 2094 958 2124 res
987 2080 1172 2134 habeat,
1194 2094 1250 2123 ex
1277 2079 1415 2122 nullis
1443 2094 1536 2123 non
1565 2080 1690 2136 phae-

111 2149 324 2194 nomenis
345 2163 491 2206 usque
512 2149 574 2192 ad
595 2163 759 2193 causas
782 2149 823 2193 δε
847 2148 1074 2206 principia
1103 2162 1187 2191 sua
1214 2148 1435 2204 lustratis,
1457 2149 1690 2203 elucescit,

111 2219 155 2264 &
168 2219 285 2263 sicut
298 2218 346 2262 in
358 2219 461 2262 luce
475 2218 683 2274 ponitur;
716 2218 984 2275 cumprimis
1001 2218 1047 2260 in
1066 2218 1270 2274 Corpore
1283 2226 1440 2261 nostro
1455 2218 1690 2273 Animato,

111 2287 190 2332 ubi
212 2287 317 2331 talis
338 2287 539 2343 partium
561 2286 804 2343 dispositio
826 2287 976 2330 ubivis
999 2286 1272 2339 offenditur;
1305 2293 1355 2329 ut
1376 2286 1491 2330 nihil
1518 2301 1612 2330 non
1642 2301 1693 2331 se

113 2356 246 2414 quasi
267 2356 315 2399 in
336 2356 506 2400 Centro
533 2356 737 2412 positum
765 2356 995 2412 respiciat,
1019 2355 1207 2399 tametsi
1235 2355 1493 2412 respective
1520 2357 1581 2399 ad
1609 2356 1691 2400 de-

112 2425 460 2470 terminationes
489 2426 746 2468 vicinarum
775 2426 817 2469 &
845 2425 1145 2468 remotiorum
1176 2424 1390 2480 partium,
1412 2424 1460 2467 in
1488 2424 1691 2482 quadam

111 2494 385 2552 peripheria,
422 2494 651 2539 diametro
688 2503 766 2538 aut
802 2508 887 2538 axe
922 2494 1224 2537 constitutum
1253 2494 1494 2539 videatur:
1537 2494 1691 2539 ideam

111 2562 248 2619 hujus
275 2563 427 2607 adhuc
455 2564 790 2608 evidentiorem
819 2563 963 2607 oculis
993 2562 1362 2619 contemplamur
1389 2563 1436 2606 in
1465 2563 1636 2607 aethere
1662 2577 1691 2607 a

114 2632 256 2676 radiis
277 2633 561 2677 modificato.

175 2701 231 2758 (c)
257 2703 374 2746 Haec
393 2702 660 2758 singillatim
677 2701 992 2758 expendamus
1013 2715 1022 2743 ε
1059 2700 1199 2756 Quod
1214 2700 1303 2743 Sol
1313 2703 1402 2757 per
1413 2715 1521 2744 suos
1537 2702 1691 2744 radios

111 2770 371 2815 errantibus
393 2770 441 2813 in
462 2770 561 2827 ejus
593 2771 824 2814 Universo
853 2768 1058 2825 globosis
1083 2769 1377 2825 Corporibus,
1390 2773 1598 2827 proesens
1616 2771 1692 2824 sit,

113 2839 412 2884 manifestum
433 2840 498 2894 fit,
520 2854 577 2884 ex
597 2840 695 2897 ejus
720 2840 884 2882 Calore
906 2838 947 2882 δε
972 2838 1194 2892 Lumine;
1225 2839 1341 2881 radii
1366 2839 1491 2881 enim
1518 2847 1692 2883 utrum-

115 2922 206 2966 que
243 2922 401 2952 secum
434 2909 596 2952 ferunt.
677 2908 890 2951 Calorem
927 2906 988 2949 ad
1023 2906 1215 2951 modum
1251 2907 1293 2950 δε
1329 2908 1556 2951 rationem
1592 2907 1692 2964 ejus

113 2991 336 3023 ascensus
371 2977 420 3021 in
455 2977 614 3033 altum,
651 2977 692 3022 δε
729 2975 985 3021 secundum
1025 2976 1366 3033 atmosphaerae‚
1399 2990 1540 3035 quam
1576 2975 1691 3020 radii
