2106 3450
0 859 9 873 ν
10 796 13 806 ,4
0 659 11 724 “Vt-⁷2
0 387 14 644 «ν’τ--πΗ-κνΜ-νί·
0 291 18 368 “is‘'

413 238 512 282 DE
555 235 880 294 CONJUGIO
918 236 1396 282 PRIMOGENITI.
1630 246 1681 293 35

127 359 348 427 insopiti
387 360 497 412 alte
537 361 802 427 ignorent,
846 358 978 425 quid
1023 358 1246 427 Caelum.
1289 358 1420 426 quid
1461 358 1685 421 Anima,

122 445 253 513 quid
286 445 458 496 'Mens
496 443 890 507 intellectualiS,
919 443 967 494 &
1008 444 1138 510 quid
1174 445 1426 507 Animus,
1458 443 1687 511 proinde

121 531 254 598 quid
294 531 479 595 Ordo;
527 530 778 581 inferiora
819 530 964 579 enim
1006 530 1369 595 superioribus
1419 530 1496 580 ita
1538 546 1688 580 com-

119 663 262 721 ipsius
282 663 390 707 vitae
413 661 690 716 Facultates,
713 675 817 718 quae
839 668 944 705 sunt
969 660 1154 716 Anima,
1180 662 1316 704 Mens
1347 661 1685 717 intellectualis,
1707 661 1710 664 ’

121 733 164 776 &
197 733 423 784 Animus;
455 731 497 775 δε
528 738 685 775 tamen
721 743 882 774 omnes
919 744 1051 773 suam
1083 730 1242 773 Vitam
1275 744 1305 772 a
1339 730 1576 786 Supremo,
1610 731 1689 786 qui

118 801 326 846 omnium
356 800 607 844 viventium
639 800 750 843 Vita
781 806 865 854 est,
887 799 1070 852 sortiri;
1103 799 1145 842 &
1174 798 1429 842 secundum
1461 798 1687 842 rationem

119 869 313 913 influxus
350 869 391 913 δε
424 868 843 925 correspondentiae
878 868 1014 925 hujus
1046 868 1180 923 Vitae,
1216 867 1405 912 Ordinis
1441 867 1511 909 sui
1550 881 1688 923 gyros

119 938 360 984 volvere&
379 938 642 992 revolvere3
674 946 840 994 praeter
860 938 1006 994 plura,
1027 951 1131 994 quae
1161 950 1216 980 ex
1246 937 1349 993 ipsa
1379 936 1688 992 descriptione

0 978 7 1017 ἐχ
39 1031 41 1034 <
117 1009 301 1066 planius
341 1008 513 1052 hauriri
550 1014 734 1065 queunt.
800 1007 1006 1063 Concipe
1040 1006 1140 1063 jam
1176 1006 1301 1062 quod
1335 1007 1504 1049 Forma
1543 1006 1687 1049 Infra-

118 1078 332 1132 caelestis,
351 1092 432 1122 seu
453 1077 624 1121 extima
644 1077 766 1131 vitae,
784 1076 831 1119 in
848 1076 1065 1132 expositis
1086 1075 1338 1132 principiis,
1359 1075 1516 1118 Animi
1542 1076 1690 1119 nostri

116 1146 303 1203 propria
324 1146 383 1190 sit
402 1161 413 1198 ;
445 1146 486 1189 δε
510 1145 706 1188 Interior
733 1158 813 1188 seu
836 1144 1005 1198 media,
1027 1144 1086 1187 sit
1120 1143 1294 1187 Mentis
1328 1143 1655 1187 Intellectualis
1674 1159 1686 1198 ;

55 1219 57 1221 ’
120 1215 162 1259 &
184 1215 308 1273 quod
329 1229 421 1258 una
441 1215 501 1258 ab
523 1214 666 1258 altera
686 1214 734 1256 in
767 1213 836 1256 sui
868 1220 1013 1256 status
1044 1213 1322 1256 mutationes
1353 1212 1604 1257 excitetur:
1640 1213 1688 1257 Si

113 1285 214 1341 jam
237 1284 446 1339 Interior,
467 1297 548 1327 seu
571 1282 793 1337 Caelestis,
810 1281 858 1325 id
879 1289 962 1337 est,
986 1283 1124 1325 Mens
1150 1281 1490 1337 Intellectualis,
1510 1282 1687 1326 Exteri-

119 1367 247 1397 orem
282 1366 363 1396 seu
397 1351 763 1406 infracaelestem,
797 1365 900 1407 quae
933 1358 1004 1394 est
1036 1351 1208 1406 Animi,
1239 1351 1287 1394 in
1316 1365 1411 1394 suae
1438 1351 1686 1395 functionis

118 1430 250 1466 actus
271 1421 453 1477 excitat,
474 1428 583 1464 tunc
606 1420 764 1463 omnia
795 1420 1049 1463 secundum
1079 1419 1289 1463 ordinem
1321 1419 1575 1463 succedunt
1597 1435 1608 1473 ;
1639 1427 1688 1463 at

116 1504 226 1535 vero
266 1490 306 1534 si
343 1490 554 1534 Exterior
590 1490 760 1532 Forma
798 1489 1070 1532 Interiorem
1113 1503 1194 1533 seu
1237 1490 1540 1546 Superiorem,
1578 1497 1688 1534 tunc

118 1559 358 1604 invertitur
378 1558 491 1603 ordo
514 1574 525 1611 ;
555 1572 666 1601 nam
697 1558 764 1602 sic
785 1558 909 1615 quod
941 1557 1252 1614 imperfectius
1276 1565 1359 1613 est,
1384 1559 1479 1614 agit
1509 1559 1557 1601 in
1587 1572 1688 1616 per-

118 1628 295 1684 fectius,
320 1627 370 1671 id
400 1635 483 1683 est,
513 1627 622 1670 Vita
656 1627 894 1670 Naturalis
926 1626 975 1669 in
1013 1626 1290 1670 Caelestem:
1323 1627 1431 1670 inde
1462 1627 1526 1682 fit,
1563 1627 1690 1684 quod

118 1697 357 1741 Vorticelli
391 1697 471 1751 illi,
502 1696 579 1753 qui
614 1695 955 1752 Sapientiamm
986 1695 1292 1750 domunculae,
1322 1696 1475 1740 vocati
1505 1704 1623 1752 sunt,
1647 1697 1690 1740 δε

119 1767 340 1810 Formam
360 1765 499 1810 istam
519 1765 814 1820 constituunt,
837 1778 1021 1822 prorsus
1043 1765 1305 1820 concidant,
1322 1765 1363 1809 ἃ
1384 1765 1477 1809 fere
1497 1779 1689 1810 evanes-

119 1843 257 1889 cant3
290 1849 400 1879 nam
420 1835 668 1890 aufugente
698 1834 809 1877 Vita
841 1833 1042 1887 Caelesti,
1065 1834 1156 1891 qua
1186 1834 1462 1890 animantur,
1484 1835 1574 1878 illae
1595 1836 1689 1879 col-

117 1903 335 1948 labuntur
353 1920 366 1958 ;
398 1903 505 1947 inde
526 1902 643 1960 perit
664 1903 814 1945 omnis
831 1902 1189 1946 communicatio
1211 1903 1329 1947 inter
1343 1903 1501 1947 Vitam
1525 1905 1689 1961 Supre—

118 1987 245 2016 mam
275 1973 317 2017 &
349 1973 507 2016 Vitam
540 1972 831 2024 naturalem;
868 1971 910 2015 &
945 1971 1060 2028 ipsae
1099 1972 1378 2016 mutationes
1414 1980 1576 2029 status,
1607 1987 1688 2017 seu

117 2041 237 2087 ideae
267 2041 611 2097 intellectuales,
633 2041 699 2084 ita
728 2041 1011 2098 imperfectae
1027 2039 1074 2084 ¹&
1095 2041 1227 2098 quasi
1250 2056 1418 2085 crassae
1449 2043 1688 2099 Minervae,

117 2110 335 2167 evadunt,
359 2118 409 2155 ut
441 2110 583 2154 modo
615 2110 948 2154 mutationibus
979 2118 1125 2154 status
1159 2110 1383 2154 inferioris
1411 2111 1585 2167 formae,
1608 2127 1689 2157 seu

117 2179 236 2224 ideis
256 2179 571 2224 materialibus
593 2179 635 2222 &
652 2192 811 2222 earum
831 2178 966 2233 ludis,
988 2193 1068 2222 seu
1099 2179 1245 2234 geniis
1276 2187 1356 2223 aut
1386 2180 1569 2235 animis,
1590 2194 1689 2224 cor-

115 2249 453 2306 respondeant:
487 2262 579 2305 qua
611 2248 789 2291 ratione
820 2261 960 2291 merae
993 2248 1170 2291 umbrae
1204 2248 1306 2291 loco
1339 2248 1468 2304 lucis,
1497 2249 1544 2292 in
1576 2264 1690 2306 pure

120 2317 442 2374 Spiritualibus
465 2330 545 2360 seu
569 2316 856 2371 Caelestibus,
880 2316 1133 2359 succedunt
1151 2331 1162 2368 3
1195 2315 1356 2359 similis
1379 2323 1524 2361 status
1546 2319 1688 2362 etiam

115 2386 378 2430 universam
397 2386 599 2440 Fibram,
618 2398 674 2428 ex
689 2384 834 2428 tribus
852 2384 953 2428 istis
966 2384 1203 2441 principiis
1217 2385 1475 2440 excitatam,
1493 2386 1534 2430 δε
1551 2387 1689 2431 simul

116 2455 269 2512 ipsum
294 2455 393 2512 ejus
421 2455 656 2512 Spiritum,
687 2460 915 2509 occupat;
945 2467 1057 2496 nam
1084 2453 1199 2497 fibra
1230 2467 1287 2498 ex
1317 2454 1554 2512 principiis
1591 2457 1686 2500 suis

117 2538 303 2568 omnem
326 2525 466 2569 trahit
494 2537 590 2568 suae
610 2523 717 2566 vitae
739 2523 1053 2566 conditionem
1074 2523 1115 2566 &
1135 2530 1348 2566 naturam
1365 2539 1378 2576 ;
1406 2524 1570 2568 fibrula
1595 2525 1689 2580 illa,

116 2607 199 2650 per
219 2594 518 2638 eminentiam
544 2594 609 2636 sic
631 2592 769 2646 dicta,
791 2605 895 2648 quae
914 2592 1073 2636 Vitam
1101 2592 1345 2636 Caelestem
1373 2593 1687 2651 circumvehit,

117 2661 169 2706 fit
196 2669 418 2719 tanquam
444 2662 658 2707 tendulus
686 2660 909 2705 exanimis
942 2660 983 2704 δι
1012 2661 1272 2717 impervius,
1299 2661 1408 2718 quia
1439 2661 1486 2704 in
1514 2676 1564 2706 se
1594 2664 1686 2706 col-

116 2731 281 2788 lapsa3
313 2731 355 2774 δε
385 2731 452 2776 sic
482 2731 592 2774 Vita
622 2729 846 2773 naturalis
878 2729 1028 2772 solum
1055 2737 1246 2785 regnat3
1281 2730 1353 2774 cui
1380 2737 1539 2774 tamen
1565 2731 1686 2776 inest

116 2799 227 2844 Vita
253 2799 477 2855 Supremi,
509 2799 592 2843 sed
624 2798 800 2854 absque
830 2797 1142 2850 mediatione3
1171 2798 1260 2841 hoc
1281 2798 1380 2854 jam
1405 2806 1476 2842 est
1504 2799 1685 2855 Velum,

117 2867 243 2925 quod
269 2867 583 2924 interponitur,
604 2874 653 2911 ut
681 2867 876 2911 Caeleste
899 2880 958 2910 ne
983 2867 1128 2910 hilum
1153 2867 1341 2924 quidem
1369 2875 1658 2924 transpareat
1670 2885 1683 2922 ;

119 2936 160 2981 &
188 2936 296 2981 inde
324 2936 486 2982 similis
516 2949 756 2994 perversus
789 2935 903 2980 ordo
935 2943 1032 2980 tam
1062 2935 1268 2980 minimis
1300 2950 1440 2993 quam
1468 2937 1682 2985 maximis
