2106 3450
599 264 700 308 DE
745 264 931 309 ORTU
970 265 1313 310 TELLURIS.
1720 277 1742 321 5

165 385 408 455 Corpore
439 385 650 438 nullum
685 387 997 438 Membrum
1035 387 1138 438 sibi
1173 388 1466 455 quicquam
1500 388 1743 440 vindicat

164 479 224 524 ut
261 473 480 540 proprie
513 489 688 535 suum,
724 473 827 523 nisi
867 473 978 524 tale
1016 474 1099 537 sit,
1136 481 1197 525 ut
1236 491 1308 524 ex
1350 474 1645 526 Communi
1685 475 1739 524 in

162 574 276 609 rem
321 574 477 609 suam
517 557 724 620 influat,
762 575 825 610 ac
865 559 1075 621 iterum,
1116 560 1272 626 quasi
1309 577 1406 626 per
1444 559 1740 622 orbem,-in

161 659 276 694 rem
325 643 719 696 Universorum
771 643 1114 711 reliquorum,
1161 662 1255 695 seu
1309 645 1363 697 in
1417 644 1740 707 Commune,

162 728 388 794 refluat;
427 738 763 797 quapropter
790 730 956 782 etiam
986 731 1194 782 lumina
1222 731 1270 782 ἃ
1298 732 1443 782 faces
1470 748 1596 782 suas
1631 748 1741 782 non

162 815 305 867 intra
328 817 578 884 proprias
604 816 868 868 claudunt
895 817 1152 884 sphaeraS,
1172 817 1268 869 sed
1297 835 1390 869 eas
1416 817 1742 869 circumfun-

157 971 411 1016 fonnarum
432 967 668 1028 exemplar
689 972 730 1015 δε
752 972 869 1027 idea,
893 981 1107 1017 constare
1133 980 1286 1030 potest
1307 988 1401 1017 non
1425 974 1575 1017 solum
1596 988 1651 1018 ex
1673 989 1742 1030 eo,

158 1040 285 1098 quod
315 1055 398 1098 pro
426 1042 463 1084 F
467 1041 742 1085 irmamento
771 1042 910 1085 totius
943 1042 1054 1085 Caeli
1084 1042 1317 1098 inserviat,
1340 1043 1422 1086 sed
1447 1043 1588 1087 etiam
1617 1043 1743 1099 quod

157 1109 321 1166 primae
344 1110 511 1154 Mundi
534 1110 820 1166 substantiae,
839 1111 880 1154 &
903 1110 1001 1167 ejus
1027 1111 1221 1154 Naturae
1242 1111 1391 1166 Vires,
1410 1112 1642 1156 Universa
1663 1112 1743 1155 illa

157 1179 458 1224 excitaverint
473 1194 530 1223 ex
547 1180 714 1236 quibus
738 1194 991 1237 earumque
1009 1181 1347 1237 cooperatione,
1364 1181 1479 1223 nihil
1493 1181 1582 1224 nisi
1600 1195 1741 1238 quam

156 1247 544 1310 perfectissimum
576 1249 789 1306 profluit:
822 1250 912 1294 hoc
941 1250 1241 1293 confirmatur
1269 1251 1411 1294 etiam
1441 1265 1496 1294 ex
1527 1251 1742 1294 Siderum

159 1316 394 1361 distantiis
417 1317 536 1361 inter
557 1331 607 1361 se
627 1326 787 1361 mutuo
809 1332 892 1374 per
907 1326 975 1362 tot
994 1318 1176 1362 Saecula
1193 1319 1370 1375 absque
1388 1319 1582 1362 minima
1603 1319 1741 1363 inter-

158 1386 354 1431 cedente
370 1387 641 1443 mutatione,
658 1387 955 1431 conservatis.
1000 1388 1138 1431 Tales
1159 1389 1343 1431 Formae
1365 1402 1414 1432 se
1437 1388 1616 1432 suamet
1638 1403 1741 1445 pro-

157 1455 258 1513 pria
279 1456 446 1500 virtute
467 1464 701 1509 tutantur;
734 1471 846 1499 nam
867 1456 1106 1513 quoddam
1134 1465 1408 1513 perpetuum
1438 1457 1479 1500 δε
1507 1457 1741 1501 infinitum

157 1525 335 1583 spirant
356 1541 365 1570 ε
416 1527 593 1570 Verum
614 1540 709 1570 non
732 1526 1063 1582 comprehendi
1084 1534 1293 1582 possunt,
1317 1526 1478 1583 quales
1508 1534 1629 1581 sunt,
1650 1527 1741 1570 nisi

130 1597 240 1651 ‘per
269 1596 464 1638 Formas
499 1595 736 1639 inferiores
771 1603 851 1638 aut
878 1595 1077 1650 infimas,
1113 1609 1309 1651 quarum
1338 1595 1652 1650 cognitionem
1681 1597 1741 1639 ab
1770 1642 1778 1646 ,

157 1664 365 1721 objectis,
397 1668 502 1721 quae
532 1665 580 1707 in
610 1665 762 1708 visum
793 1664 928 1708 Oculi
958 1664 1143 1719 cadunt,
1173 1665 1307 1708 nobis
1337 1665 1738 1721 comparavimus;

157 1733 199 1777 &
220 1733 408 1790 insuper
427 1748 510 1790 per
526 1734 770 1777 continuas
788 1734 1124 1777 abstractiones
1142 1733 1557 1790 imperfectionum,
1572 1735 1739 1791 quibus

154 1803 230 1846 hae
250 1803 412 1847 formae
439 1803 666 1847 laborant.
726 1803 821 1847 Sed
853 1803 1115 1846 intueamur
1143 1803 1229 1846 has
1262 1803 1309 1846 in
1341 1803 1436 1846 suis
1471 1804 1740 1860 Exemplis:

158 1872 328 1916 Infima
357 1873 542 1927 Forma,
577 1886 657 1916 seu
688 1873 876 1929 propria
909 1872 1283 1916 Substantiarum
1316 1873 1513 1916 Telluris
1545 1881 1615 1917 est
1646 1874 1740 1929 illa,

156 1956 261 1999 quae
273 1956 302 1985 a
317 1942 456 1990 meris
475 1941 697 1998 subjectis
715 1942 1014 1998 angularibus
1033 1942 1075 1985 &
1092 1942 1228 1984 simul
1244 1941 1410 1998 planiS,
1425 1942 1741 2000 cujuscunque

156 2011 315 2067 figurae
351 2011 457 2066 sint,
487 2011 629 2055 modo
666 2011 713 2054 in
746 2010 983 2068 quandam
1013 2010 1213 2053 formam
1245 2011 1563 2066 confluxerint,
1594 2011 1740 2055 deter-

154 2081 369 2137 minatur,
386 2081 488 2125 haec
509 2081 616 2125 ideo
638 2080 839 2125 dicenda
861 2088 932 2124 est
954 2081 991 2122 F
995 2090 1144 2124 ORMA
1164 2081 1488 2136 ANGULARIS,
1504 2082 1740 2138 proprium

158 2150 438 2194 Geometriae
473 2158 646 2194 nostrae
683 2149 929 2206 objectum.
1009 2150 1082 2191 Ex
1111 2149 1201 2192 hac
1235 2150 1404 2192 Forma
1435 2152 1739 2207 contemplari

154 2231 403 2274 possumus
427 2219 648 2262 Formam
669 2219 876 2275 proxime
906 2217 1202 2273 superiorem,
1225 2231 1305 2261 seu
1334 2226 1555 2274 perpetuo
1582 2220 1739 2275 Angu-

153 2287 315 2343 larem,
337 2301 442 2345 quae
463 2287 628 2332 eadem
651 2295 736 2342 est,
757 2301 811 2330 ac
838 2288 1159 2330 CIRCULARIS
1188 2294 1267 2330 aut
1300 2287 1606 2343 SPHAERICA3
1638 2289 1740 2332 haec

155 2356 282 2400 enim
303 2356 451 2400 altera
471 2357 717 2413 perfectior
737 2364 808 2400 est
825 2357 872 2399 in
889 2370 959 2410 eo,
978 2356 1103 2413 quod
1127 2356 1394 2412 Peripheria
1415 2356 1513 2412 ejus
1531 2357 1590 2401 sit
1607 2359 1742 2415 quasi

154 2433 429 2482 perpetuum
457 2426 667 2481 Planum,
690 2434 768 2470 aut
797 2425 1005 2468 infinitus
1033 2425 1257 2480 Angulus,
1281 2425 1390 2482 quia
1421 2427 1670 2470 Planorum
1699 2428 1740 2471 δε

154 2494 444 2551 Angulorum
459 2509 644 2552 prorsus
660 2509 822 2552 expers
836 2513 847 2550 ;
871 2494 1043 2538 idcirco
1058 2494 1198 2537 etiam
1217 2501 1286 2538 est
1302 2508 1519 2538 mensura
1532 2496 1740 2540 omnium

158 2564 433 2607 Formarum
468 2564 789 2620 Angularium,
820 2578 932 2606 nam
962 2563 1171 2618 Angulos
1204 2563 1245 2607 δε
1280 2555 1425 2606 Plana
1455 2578 1538 2620 per
1571 2565 1741 2610 Circuli

155 2633 387 2678 sectiones
419 2633 460 2677 δε
491 2634 620 2677 sinus
651 2634 896 2677 metimur:
933 2646 989 2676 ex
1021 2632 1091 2675 his
1123 2632 1347 2687 videmus,
1381 2634 1508 2690 quod
1539 2634 1586 2677 in
1617 2635 1739 2679 hanc

155 2702 354 2746 formam
381 2703 558 2760 aliquid
586 2702 817 2746 infinitum
847 2716 929 2746 seu
956 2709 1231 2758 perpetuum
1261 2703 1515 2759 secesserit,
1538 2705 1663 2760 quod
1692 2705 1738 2747 in

154 2771 307 2828 priore
327 2786 421 2815 non
444 2772 609 2826 existit,
625 2772 801 2815 scilicet
818 2785 955 2827 gyrus
974 2771 1221 2826 circularis,
1237 2784 1293 2814 cu
1296 2771 1371 2828 jus
1393 2772 1496 2815 finis
1516 2773 1556 2815 &
1572 2773 1739 2829 princi-

155 2840 286 2898 pium
324 2841 558 2897 designari
594 2841 768 2897 nequit.
835 2841 888 2882 In
931 2839 1141 2883 circulari
1179 2853 1259 2884 seu
1299 2840 1536 2896 Sphaerica
1574 2842 1739 2886 iterum

156 2910 461 2967 contemplari
495 2923 744 2966 possumus
782 2908 1067 2964 superiorem
1099 2908 1337 2964 quandam
1370 2910 1601 2965 Formam,
1634 2923 1738 2966 quae

154 2986 379 3036 perpetuo
413 2978 675 3034 Circularis,
698 2978 772 3022 vel
804 2977 1075 3035 simpliciter
1107 2978 1360 3032 SPIRALIS,
1383 2977 1475 3022 dici
1505 2985 1734 3030 meretur;
