2106 3450
528 259 627 304 DE
676 259 952 305 VJVARJO
991 260 1337 305 PARADJSJ.
1670 274 1720 318 31

114 383 116 386 ’
145 381 419 435 continuis
445 381 495 434 81
523 381 806 433 effectibus
833 381 882 433 81
909 381 1110 444 usibuS,
1137 382 1216 433 ita
1247 382 1466 448 junctiS,
1495 391 1555 434 ut
1592 384 1724 436 Co'r-

143 485 280 537 pora
302 470 415 520 suis
444 469 776 532 AnimabuS‚
805 467 1196 532 efflorescebat,
1226 468 1274 520 &
1310 470 1535 535 quidem
1570 478 1726 522 tanta

144 555 478 618 amaenitate,
494 562 555 606 ut
575 556 619 605 si
641 571 673 605 a
692 555 883 605 Mente
902 554 1159 621 quadam,
1179 571 1275 605 seu
1291 556 1411 606 visu
1428 556 1721 622 superiore,

142 641 236 709 qui
262 640 425 692 simul
451 657 516 692 ac
543 639 783 702 effectuS,
811 640 980 691 etiam
1006 640 1154 708 ipsos
1181 657 1311 691 usus
1338 641 1392 691 in
1422 641 1723 704 effectibuS,

140 728 397 790 intuetur,
424 734 672 795 spectata
698 727 852 789 foret,
877 727 925 777 ei
952 725 1040 777 hic
1076 727 1383 788 Paradisu5‚
1412 735 1527 778 tam
1564 728 1723 779 laetus

138 813 359 877 laetitiis,
387 821 449 865 ut
475 830 585 865 non
612 813 921 876 TerrestriS,
947 813 1045 864 sed
1082 813 1346 875 Caelestis,
1374 816 1722 880 appariturus

139 907 299 954 esset.

215 997 298 1052 25.
338 985 632 1040 Seminalis
675 985 794 1037 haec
840 985 1054 1036 Natura
1098 984 1169 1036 ab
1214 985 1422 1036 intimis
1463 987 1723 1048 animata,

135 1072 253 1140 jam
282 1079 497 1124 teneras
516 1073 921 1140 impraegnabat
941 1072 1287 1134 frondiculaS‚
1310 1090 1434 1139 quae
1455 1079 1722 1138 tanquam

141 1175 286 1210 nova
313 1158 622 1215 Seminaria
638 1158 686 1210 &
706 1159 910 1212 Ovaria
926 1159 1378 1220 intumescebant,
1398 1157 1447 1209 &
1470 1158 1722 1219 recentia,

141 1245 237 1297 sed
249 1244 387 1297 alius
396 1246 626 1312 generis,
639 1245 801 1296 ovula
813 1244 1255 1312 excudebant(r).
1280 1245 1522 1295 Primum
1536 1245 1723 1311 itaque

141 1330 496 1383 Animalcula
516 1330 870 1398 ignobilioriS,
891 1331 1247 1397 postmodum
1269 1330 1573 1382 illustrioris
1600 1348 1719 1397 pro-

140 1417 326 1485 sapiae,
344 1416 657 1484 prodibant,
677 1417 874 1468 eodem
902 1433 1124 1484 prorsus
1150 1417 1354 1478 ordine,
1374 1433 1484 1483 quo
1513 1417 1726 1468 Natura

199 1582 261 1639 (r)
297 1583 407 1641 Ipsa
437 1585 667 1640 Vegetata
697 1584 758 1627 ad
789 1584 1030 1629 imitamen
1069 1585 1259 1641 Magnae
1297 1586 1480 1641 Matris,
1509 1586 1721 1642 primitus

137 1652 280 1697 etiam
309 1666 439 1697 mera
470 1653 604 1710 quasi
638 1653 900 1697 Seminaria
930 1654 972 1697 &
1006 1653 1178 1697 Ox'raria
1207 1654 1349 1710 fuere,
1379 1656 1462 1699 sed
1493 1670 1598 1712 quae
1629 1671 1721 1699 non

139 1721 291 1764 solum
321 1721 391 1765 sui
424 1721 507 1765 sed
538 1722 680 1765 etiam
713 1721 830 1765 alius
863 1736 893 1766 a
924 1737 974 1766 se
1010 1723 1180 1766 diversi
1215 1724 1397 1779 generis
1433 1724 1588 1781 foetus,
1620 1740 1724 1781 pro-

138 1790 413 1847 gignerent:
458 1791 523 1834 ita
559 1792 684 1835 enim
720 1806 865 1835 unum
899 1792 1031 1835 alteri
1067 1792 1326 1836 involutum
1355 1793 1515 1850 jacuit,
1548 1801 1598 1837 ut
1629 1809 1724 1837 non

138 1859 267 1915 prius
289 1860 484 1903 alterum
505 1861 725 1917 prodiret,
745 1874 886 1917 quam
908 1861 1079 1915 omnia,
1094 1861 1135 1905 ei
1152 1876 1235 1918 pro
1251 1862 1360 1905 vitae
1378 1877 1476 1906 suae
1497 1864 1725 1907 exercitiis

138 1928 181 1973 δι
211 1930 566 1974 necessitatibus
596 1930 889 1985 inservitura,
920 1940 1085 1987 parata
1116 1939 1303 1976 starent.
1367 1933 1440 1975 Ex
1474 1933 1575 1989 ipsa
1607 1934 1723 1978 serie

138 2007 323 2044 ortuum
353 2008 567 2043 constare
597 2007 765 2056 potest,
787 2000 912 2044 unde
940 2000 1121 2044 Animae
1144 2001 1399 2057 brutorum,
1421 2016 1525 2059 quae
1546 2004 1722 2046 naturis

138 2070 370 2115 seminum
393 2070 543 2126 Regni
563 2070 852 2126 Vegetabilis
876 2070 1157 2126 ingeneratae
1178 2071 1320 2115 fuisse
1336 2072 1575 2117 dicuntur:
1606 2073 1723 2116 sicut

138 2139 264 2184 enim
284 2139 474 2183 Semina
489 2139 830 2195 Vegetabilium
850 2154 905 2183 ex
919 2141 1086 2197 copula
1098 2141 1262 2184 virium
1276 2142 1532 2185 activarum
1547 2150 1723 2186 naturae

139 2222 246 2254 cum
275 2209 452 2252 viribus
483 2208 661 2252 inertiae
692 2209 904 2264 Telluris,
926 2209 1082 2253 media
1109 2210 1368 2254 radiatione
1396 2211 1516 2254 Solis
1546 2213 1724 2266 mundi,

137 2286 298 2323 exorta
317 2278 515 2332 fuerunt,
537 2277 603 2322 ita
623 2278 726 2322 haec
751 2279 954 2334 Semina,
977 2293 1081 2336 quae
1102 2279 1326 2323 Animata
1352 2288 1472 2335 sunt,
1495 2295 1523 2323 a
1552 2281 1589 2323 F
1593 2282 1724 2324 orma

133 2348 213 2392 illa
233 2362 315 2392 seu
338 2347 559 2391 Essentia
581 2347 837 2404 Spirituali‚
860 2348 1021 2392 formis
1045 2363 1126 2393 seu
1147 2349 1323 2393 viribus
1351 2351 1514 2395 activis
1543 2359 1720 2394 naturae

139 2416 310 2474 infusa,
338 2417 494 2461 media
524 2417 785 2460 radiatione
820 2417 941 2461 Solis
972 2418 1095 2473 vitae,
1123 2432 1229 2476 quae
1260 2419 1512 2476 spiritualis
1545 2419 1587 2463 δε
1617 2420 1724 2463 viva

138 2494 237 2531 est:
271 2500 414 2544 quare
434 2486 509 2530 hae
528 2486 638 2530 vitae
659 2485 825 2530 eadem
847 2486 965 2530 serie
993 2487 1296 2531 subordinat&
1324 2489 1607 2545 prodierunt,
1630 2489 1722 2545 qua

137 2555 254 2612 ipsae
267 2555 360 2599 illae
372 2555 492 2599 vires
509 2557 717 2611 Naturae,
732 2569 837 2612 quae
852 2556 1204 2612 Atmosphaeras
1218 2557 1516 2613 constituunt,
1526 2558 1722 2614 proinde

137 2624 318 2681 eadem,
356 2625 449 2681 qua
484 2625 587 2681 ipsa
626 2624 817 2668 Semina
847 2625 1204 2680 Vegetabilium,
1235 2640 1292 2670 ex
1322 2627 1488 2684 quibus
1521 2627 1721 2684 denique

139 2693 327 2737 exclusa
348 2694 543 2738 fuerunt.
609 2695 820 2750 Cumque
851 2694 962 2737 Vita
992 2694 1071 2738 illa
1101 2709 1158 2739 ex
1188 2710 1272 2739 suo
1306 2697 1454 2741 Fonte
1485 2697 1600 2739 nihil
1631 2697 1720 2739 nisi

137 2775 280 2819 quam
304 2764 432 2808 Usus
454 2764 611 2821 spirat,
634 2763 676 2807 δε
701 2765 882 2807 Natura
903 2764 1019 2807 nihil
1038 2764 1128 2808 nisi
1149 2779 1291 2822 quam
1320 2766 1526 2810 Effectus
1552 2781 1719 2809 usuum

136 2831 299 2888 gratia,
313 2839 442 2888 patet
463 2833 588 2890 quod
610 2832 675 2876 ita
691 2832 939 2888 praevisum
957 2833 999 2876 δε
1014 2834 1252 2889 provisum
1267 2834 1417 2889 fuerit,
1432 2843 1483 2878 ut
1500 2835 1587 2891 ipsi
1608 2849 1718 2878 usus

136 2899 256 2944 sicut
277 2900 467 2948 effectus
489 2914 540 2944 se
558 2900 848 2944 recluderent
867 2915 877 2944 :
908 2902 1286 2948 tenebrosissime
1307 2904 1497 2947 omnino
1519 2904 1716 2959 caecutit,

136 2969 215 3026 qui
237 2969 285 3013 in
305 2969 378 3014 his
399 2983 495 3014 non
518 2969 740 3012 Divinum
762 2970 993 3027 perspicit.
