2106 3450
535 226 636 270 DE
678 225 869 270 ORTU
898 226 1379 272 PRIMOGENITI.
1693 238 1750 284 43

169 347 434 403 Similiter
459 365 693 416 magnus
720 349 809 400 ille'
838 349 1005 412 Ordo,
1036 350 1128 416 qui
1157 357 1385 401 caeteros
1420 350 1670 418 aperiens
1700 351 1748 418 &

168 436 388 499 ducem,
427 437 740 487 universum
781 435 1067 502 dirigebat,
1099 435 1215 502 jam
1251 453 1348 502 per
1382 453 1507 487 suas
1541 437 1750 488 media-

167 522 345 573 tiones
379 521 427 573 &
463 538 751 573 causarum
787 506 1064 583 excursuS,
1094 538 1152 572 se
1185 521 1255 572 ad
1294 538 1453 572 suum
1492 522 1745 574 ultimum

166 608 442 675 perduxit,
477 607 526 660 &
563 624 595 658 a
632 624 732 659 suo
768 607 962 658 ultimo
997 606 1066 658 ad
1104 624 1262 657 suum
1304 607 1540 674 primum
1575 608 1750 659 redire

166 694 466 757 constituit,
506 710 601 744 seu
647 694 717 745 ad
757 693 868 744 tale
909 693 1232 760 Subjectum
1271 694 1398 744 vitae
1439 693 1487 745 81
1527 701 1752 757 naturae,

166 780 315 847 quod
344 781 639 831 universim
667 780 854 830 omnia
882 779 930 831 ἃ
958 779 1174 846 singula
1193 780 1263 830 ad
1292 779 1500 830 fontem
1529 797 1748 831 suarum

165 865 568 917 derivationum
594 854 891 929 reduceret,
915 883 1027 928 seU,
1048 866 1117 917 ad
1141 865 1532 933 complendum
1561 866 1749 917 orbem

165 951 238 1003 ab
266 959 470 1003 aeterno
495 951 844 1019 praefinitum,
873 952 942 1002 ad
973 952 1301 1019 Supremam
1337 951 1384 1003 81
1415 952 1747 1004 Creatricem

167 1037 418 1089 Mentem
451 1038 687 1090 referret.
762 1038 889 1105 Jam
927 1040 1113 1090 omnia
1148 1056 1271 1105 quae
1307 1037 1542 1089 Telluris
1577 1045 1748 1101 erant,

165 1123 307 1175 hanc
324 1123 577 1176 ultimam
597 1125 998 1192 exspectabant
1016 1125 1274 1176 adoream
1296 1142 1308 1188 ;
1351 1123 1561 1176 Caelum
1579 1124 1746 1175 etiam

164 1208 309 1261 hanc
349 1217 408 1262 ut
443 1218 773 1277 praesentem
814 1210 1143 1273 intuebatur,
1179 1210 1385 1262 scilicet
1427 1211 1747 1272 Hominem,

165 1297 259 1363 qui
302 1298 432 1364 quia
475 1297 681 1364 primus
732 1297 787 1347 in
841 1297 1067 1347 Infinita
1118 1297 1373 1362 Numinis
1428 1297 1749 1359 Intuitione‚

165 1382 634 1449 complementum
656 1389 812 1442 esset,
832 1399 926 1433 seu
948 1382 1204 1433 ultimum
1229 1383 1537 1435 Creationis
1554 1383 1747 1444 decus;

164 1468 209 1519 is
237 1469 383 1522 enim
412 1469 522 1519 ima
548 1469 816 1536 supremis
842 1486 936 1519 seu
964 1476 1217 1520 naturam
1244 1469 1385 1531 vitae,
1416 1469 1464 1520 &
1492 1486 1748 1536 suprema

164 1555 311 1607 imis·
337 1572 431 1606 seu
482 1556 652 1607 vitam
705 1563 928 1617 naturae,
982 1556 1393 1619 committeret;
1459 1572 1558 1606 nec
1607 1556 1749 1606 sicut

163 1639 494 1692 Animantia
521 1641 575 1691 in
606 1641 814 1694 Orbem
843 1641 959 1707 ejus
986 1641 1282 1707 praemissa,
1313 1658 1436 1708 quae
1471 1658 1584 1692 suae
1618 1641 1748 1692 vitae

163 1725 416 1778 instituta
441 1743 551 1777 non
579 1727 650 1778 ad
678 1727 1007 1794 principium
1035 1744 1148 1777 suae
1176 1728 1467 1794 potestatis
1496 1727 1750 1789 referunt,

164 1812 262 1865 sed
298 1812 371 1863 ad
408 1812 692 1879 quoddam
727 1819 1060 1876 naturatum,
1089 1830 1118 1864 e
1156 1830 1266 1880 quo
1302 1812 1435 1867 nihil
1470 1830 1529 1864 se
1563 1830 1750 1864 versus

163 1899 442 1966 superiora
485 1898 724 1962 extollit,
765 1900 860 1950 sed
901 1899 1046 1950 illico
1085 1917 1143 1950 se
1180 1907 1324 1951 retro
1363 1899 1547 1962 volvit,
1589 1917 1652 1952 ac
1691 1900 1747 1950 in

163 1985 377 2036 animos
434 1983 484 2037 &
546 2002 765 2052 sparsas
831 1985 1090 2053 Corporis
1154 2003 1344 2036 eorum
1407 1993 1630 2037 naturas
1688 2003 1747 2037 se

163 2069 407 2127 reflectit.

235 2169 318 2223 32.
360 2157 544 2208 Lucus
571 2163 687 2208 erat
721 2158 776 2208 in
811 2157 1274 2224 temperatissima
1311 2157 1475 2210 Orbis
1511 2159 1746 2225 regione,

163 2259 274 2295 non
301 2243 402 2294 sub
430 2243 740 2294 Meridiano
769 2242 913 2307 Sole,
937 2243 1033 2294 sed
1055 2244 1109 2294 in
1133 2244 1316 2295 media
1336 2243 1578 2311 quadam
1606 2245 1748 2295 inter

163 2390 278 2436 ordo
299 2406 328 2436 a
351 2391 560 2435 Maximo
580 2391 747 2434 Mundi
768 2392 895 2444 Ovo;
922 2391 1111 2435 Semina
1127 2391 1251 2436 enim
1269 2392 1310 2435 δι
1329 2392 1502 2435 Ovaria
1518 2406 1546 2435 a
1565 2392 1746 2436 Natura

162 2461 314 2518 prima
335 2461 376 2505 δε
397 2460 732 2518 perfectissima
753 2475 837 2503 sua
853 2461 1119 2517 primordia,
1134 2461 1175 2505 δε
1193 2475 1219 2503 a
1237 2462 1490 2518 posteriore
1507 2477 1562 2506 ac
1580 2462 1747 2519 imper—

162 2530 353 2576 fectiore
376 2545 460 2574 sua
488 2530 788 2584 incrementa,
811 2538 1051 2587 coeperunt
1070 2547 1081 2583 ;
1116 2531 1198 2575 sed
1224 2531 1409 2575 inverso
1433 2531 1573 2575 modo
1606 2546 1655 2575 se
1686 2533 1747 2575 ab

161 2599 336 2645 ultimis
363 2599 425 2644 ad
453 2599 603 2655 prima
629 2598 936 2643 excludebant
959 2614 968 2642 ε
1010 2599 1219 2643 similiter
1249 2600 1391 2644 etiam
1421 2600 1560 2643 foetus
1593 2600 1745 2656 Regni

162 2669 404 2714 Animalis.
469 2669 562 2713 Sed
583 2676 632 2711 ut
654 2682 796 2724 gyrus
819 2668 893 2711 ille
914 2668 1223 2725 perficeretur,
1246 2683 1337 2726 quo
1363 2669 1526 2712 ultima
1554 2669 1745 2726 conjun-
1816 2729 1821 2735 ⁴

161 2746 378 2795 gerentur
406 2737 580 2794 primis,
603 2751 683 2780 seu
714 2737 774 2780 ad
807 2751 941 2780 suum
972 2737 1250 2794 principium
1281 2739 1497 2794 redirent,
1522 2739 1744 2783 Humana

165 2808 301 2851 Mens
333 2807 535 2863 Corpore
566 2806 728 2849 induta
759 2806 806 2848 in
838 2807 998 2850 orbem
1030 2807 1365 2852 introducenda
1395 2815 1506 2851 erat.
1567 2809 1743 2851 Verum

158 2875 236 2920 hic
260 2876 409 2932 Gyrus
431 2883 528 2919 erat
559 2875 793 2919 Maximus
825 2876 1084 2920 Creationis
1104 2892 1115 2930 ;
1148 2877 1289 2922 instat
1317 2877 1471 2921 adhuc
1497 2876 1659 2933 major,
1683 2877 1742 2921 de

159 2958 252 3002 quo
272 2944 320 2988 in
342 2943 633 3001 sequentium
655 2943 784 2988 serie.
