2106 3450
433 277 533 322 DE
570 276 914 321 INFANTIA
959 276 1439 322 PRIMOGENITI.
1667 277 1721 334 85

151 399 355 451 circum
396 399 528 463 Vos,
571 399 620 451 &
661 400 864 450 circum
905 416 994 450 me
1037 406 1292 461 vestrum,
1338 399 1518 451 rident
1561 417 1727 451 venu-

152 492 363 537 statum
385 487 753 537 amaenitates:
786 485 833 537 &
855 492 991 552 quot
1013 502 1085 536 ex
1106 485 1398 535 verticibus
1419 493 1726 542 nostrarum

152 571 411 625 arborum
456 572 755 623 suavitates
808 570 1246 622 modulaminum
1294 579 1624 637 personant;
1678 570 1727 622 &

153 664 290 724 quot
309 656 510 708 delitiae
527 673 590 708 ac
607 656 819 724 lepores
842 674 1031 707 sensus
1052 673 1204 707 meos
1225 657 1427 723 apertis
1448 656 1729 707 lenociniis

152 749 376 810 captare
409 743 664 808 student;
715 742 811 794 sed
846 742 1025 806 velim,
1062 749 1122 793 ut
1155 759 1430 809 persuasa:
1461 743 1597 808 sitis,
1634 743 1729 794 ad-

153 910 321 966 eadem
341 910 390 954 in
411 925 551 955 sonos
572 911 838 955 articulatos
862 925 943 955 seu
963 925 1114 967 voces,
1137 925 1324 967 prorsus
1347 910 1408 955 ad
1436 911 1731 966 cogitationis

153 979 312 1036 ideas,
332 980 556 1036 emittere,
588 980 630 1024 δε
660 980 995 1033 transcribere;
1031 995 1060 1023 a
1092 980 1189 1023 solo
1225 988 1395 1024 conatu
1430 981 1556 1024 nulla
1592 981 1734 1025 oritur

158 1050 294 1106 actio,
317 1050 435 1094 sicut
454 1064 483 1093 a
504 1050 659 1106 quiete
680 1051 806 1093 nulla
826 1050 982 1093 motio.
1027 1050 1145 1092 Cum
1167 1050 1323 1106 itaque
1347 1050 1577 1105 Cogitatio
1598 1051 1733 1094 realis

155 1117 342 1176 loquela
363 1118 435 1174 sit,
457 1118 540 1162 sed
559 1118 779 1175 laryngea
800 1118 959 1162 nostra
978 1119 1235 1175 perfectior,
1257 1119 1298 1162 δι
1319 1119 1525 1178 simul&
1554 1133 1734 1163 succes·-

159 1188 260 1232 sive
293 1188 425 1244 plura
459 1188 615 1232 volvat
651 1188 692 1232 δε
728 1188 948 1242 involvat,
983 1188 1189 1245 sequitur
1223 1188 1349 1245 quod
1381 1188 1460 1230 illa
1496 1189 1734 1232 Mentibus

163 1257 453 1313 Caelestibus‚
474 1271 579 1314 quae
598 1258 766 1313 Angeli
789 1257 1016 1311 dicuntur,
1040 1266 1136 1300 tam
1157 1258 1289 1312 bene,
1314 1257 1406 1300 imo
1435 1257 1614 1301 infinite
1635 1272 1734 1314 per-

160 1325 341 1381 fectius,
372 1326 531 1370 audita
562 1325 604 1368 &
634 1326 866 1370 intellecta
898 1326 968 1380 sit,
1000 1340 1142 1382 quam
1171 1326 1355 1382 loquela
1384 1326 1476 1369 oris
1508 1341 1536 1368 a
1565 1326 1736 1370 nostris

161 1394 302 1438 sociis
324 1395 366 1438 δε
387 1395 824 1439 confabulatoribus.
871 1395 1087 1438 Nolimus
1109 1395 1278 1452 itaque,
1298 1409 1456 1451 quaeso
1477 1397 1486 1438 l
1518 1395 1735 1439 inanibus

162 1463 367 1519 argutiis,
385 1471 464 1507 aut
485 1464 637 1520 potius
655 1464 794 1508 meris
810 1463 1001 1518 umbris,
1019 1463 1284 1523 intuitiones
1300 1464 1469 1507 nostris
1486 1464 1735 1508 rationales

165 1524 459 1587 immergere,
476 1532 518 1576 &
540 1532 587 1574 in
611 1532 808 1576 Civitate
832 1531 1048 1587 Literata,
1064 1532 1164 1588 jam
1183 1532 1246 1575 ad
1273 1532 1362 1575 hoc
1391 1546 1525 1575 suum
1553 1533 1737 1576 culmen

165 1601 339 1655 evecta,
360 1601 656 1645 laterunculis
684 1601 856 1657 ludere,
889 1601 1184 1656 sciscitando,
1213 1615 1324 1644 num
1356 1602 1538 1645 Mentes
1564 1609 1738 1645 nostrae

166 1669 210 1714 &
243 1670 428 1713 Animae
464 1670 731 1714 Materiales
768 1678 888 1724 sunt,
922 1684 1004 1714 seu
1037 1685 1149 1713 num
1178 1678 1398 1725 extensae,
1430 1678 1480 1714 ut
1514 1671 1739 1727 impleant

166 1739 331 1796 spatia,
354 1739 396 1783 δε
416 1753 528 1782 num
550 1753 708 1783 earum
735 1739 993 1783 activitates
1021 1753 1102 1796 per
1128 1747 1339 1795 tempora
1368 1753 1450 1782 seu
1477 1747 1738 1796 temporum

165 1808 422 1852 celeritates
453 1808 713 1862 metiendae,
736 1808 778 1851 δε
799 1799 967 1851 similia
980 1825 991 1861 ;
1023 1822 1133 1851 nam
1157 1808 1356 1852 Materia
1377 1815 1446 1851 est
1464 1808 1614 1851 solum
1634 1824 1737 1866 vox,
1764 1814 1769 1819 ⁴

165 1876 296 1934 eujus
318 1877 554 1921 Attributa
584 1878 626 1921 δε
659 1878 918 1921 Praedicata
947 1892 1134 1934 prorsus
1166 1877 1226 1920 ad
1255 1891 1445 1921 omnem
1476 1892 1664 1921 sensum
1697 1878 1739 1923 δε

166 1953 355 2002 captum
372 1946 639 1990 definienda
655 1940 776 2002 sunt,
792 1954 1045 2010 antequam
1064 1947 1372 1991 demonstrari
1394 1955 1560 2003 potest,
1578 1961 1739 1992 secun-

166 2014 279 2059 dum
300 2029 438 2073 quem
465 2016 748 2060 intellectum
774 2016 936 2060 formae
963 2016 1066 2060 istae
1094 2017 1135 2060 ἃ
1164 2030 1322 2059 earum
1351 2017 1611 2061 activitates
1639 2032 1738 2073 per-

166 2083 396 2140 cipiendae
422 2100 433 2129 :
485 2084 597 2128 satis
637 2093 722 2139 est,
763 2085 888 2142 quod
931 2085 1215 2129 Substantiae
1258 2085 1364 2140 sint,
1407 2085 1449 2129 δε
1499 2087 1740 2131 actualiter

166 2153 369 2198 existant
418 2153 460 2198 &
505 2153 773 2210 subsistant,
814 2154 1031 2211 quodque
1070 2155 1329 2198 activitates
1370 2146 1567 2199 illarum‘
1592 2157 1739 2201 reales

165 2223 427 2268 activitates
450 2223 557 2279 sint,
580 2237 691 2266 nam
711 2224 802 2267 illae
827 2224 952 2278 solae,
976 2231 1097 2279 sunt,
1119 2224 1160 2268 &
1188 2232 1344 2280 agunt,
1366 2225 1414 2267 in
1441 2234 1599 2269 nostro
1630 2227 1740 2270 Cor-

166 2307 308 2351 pore;
339 2293 445 2338 ideo
466 2293 512 2337 in
534 2294 687 2350 spatio
708 2294 751 2338 &
773 2294 820 2337 in
844 2302 1053 2351 ternpore
1081 2302 1201 2347 sunt,
1222 2294 1411 2351 quando
1440 2295 1488 2337 in
1517 2309 1600 2339 suo
1630 2296 1740 2340 Cor-

167 2377 280 2421 pore
311 2363 353 2407 &
383 2363 431 2406 in
464 2363 659 2418 Mundo,
689 2377 799 2406 nam
828 2363 891 2406 ad
921 2371 1143 2418 nost-rum,
1175 2377 1270 2406 non
1301 2363 1362 2406 ad
1392 2363 1522 2420 alius,
1548 2365 1740 2422 Corpus,

168 2432 413 2489 pertinent,
435 2432 477 2476 δι
498 2432 540 2476 ei
562 2433 731 2488 insunt,
754 2446 808 2475 ac
831 2433 1096 2477 intuitiones
1118 2447 1239 2488 suas,
1263 2433 1381 2476 sicut
1409 2434 1568 2477 Oculis
1589 2435 1742 2479 visum

169 2500 220 2544 in
239 2501 478 2556 mundum,
500 2501 642 2545 etiam
669 2502 717 2544 in
751 2502 928 2545 Caelum
959 2502 1200 2554 emittunt3
1233 2509 1281 2545 at
1310 2516 1419 2545 vero
1449 2511 1577 2547 extra
1608 2518 1743 2548 suum

173 2571 366 2632 Corpus,
379 2578 485 2628 post
501 2571 853 2628 separationem,
871 2571 993 2615 sicut
1008 2585 1057 2615 se
1072 2571 1298 2628 recipiunt
1312 2586 1449 2628 supra
1464 2581 1544 2617 aut
1559 2574 1743 2630 penitus

169 2639 294 2684 intra
322 2647 548 2695 naturam,
579 2640 645 2685 ita
675 2640 730 2684 iis
762 2641 881 2697 perit
911 2640 1018 2684 idea
1049 2640 1184 2697 spatii
1215 2641 1258 2684 δε
1287 2642 1537 2698 temporis:
1581 2642 1663 2686 sed
1693 2650 1744 2686 ut

173 2709 333 2754 Status
354 2722 514 2753 earum
534 2709 826 2765 intelligatur,
848 2709 1133 2764 intelligendi
1159 2717 1264 2753 sunt
1294 2716 1440 2754 status
1471 2712 1743 2754 Formarum

171 2778 432 2822 activarum
451 2778 753 2834 superiorum,
770 2779 1039 2835 cumprimis
1061 2779 1326 2822 Caelestium
1347 2779 1389 2823 δε
1414 2780 1743 2836 Spiritualium,

170 2861 277 2905 quae
298 2847 554 2903 Corporum
573 2847 851 2891 naturalium
871 2848 1172 2904 proprietates
1195 2848 1236 2892 δε
1257 2848 1477 2904 adjuncta
1496 2856 1679 2904 exuunt,
1702 2849 1744 2893 &

172 2916 501 2973 perpetuitates
532 2930 588 2961 ac
617 2917 867 2961 infinitates
897 2917 1146 2974 perplures,
1170 2917 1288 2961 sicut
1320 2931 1459 2974 supra
1489 2918 1745 2962 indicatum

173 2991 260 3042 est,
274 2984 482 3030 induunt.
524 2986 698 3032 Verum
718 2986 961 3031 umbrosas
982 2986 1086 3031 illas
1107 2986 1324 3045 argutiaS,
1343 2987 1452 3045 quia
1472 3001 1567 3032 non
1582 2987 1743 3043 realeS,
