2106 3450
378 348 477 391 DE
519 344 845 402 CONJUGJO
883 343 1105 388 PRIMO
1111 344 1364 388 GENJTJ.
1601 355 1626 386 2
1631 355 1656 398 3

89 469 279 537 primis
303 467 375 520 ad
401 467 608 528 ultima,
636 465 684 517 81
711 465 781 516 ab
807 463 1013 515 ultimis
1041 464 1111 515 ad
1138 464 1328 531 prima,
1353 463 1471 515 fluit
1498 463 1655 515 reflu-

88 556 273 622 itque;
313 554 361 606 &
400 555 528 620 quia
566 553 719 603 Deus
758 551 813 601 in
850 550 943 601 illo
974 551 1114 601 sicut
1140 551 1194 601 in
1224 550 1419 617 Seipso
1445 558 1543 612 est,
1570 550 1660 604 hic

93 641 247 694 Ordo
287 641 464 707 ipsum
503 637 666 688 refert
708 636 926 688 Deum:
966 635 1175 688 Omnes
1216 635 1324 686 illae
1360 636 1659 687 infinitates
1700 684 1703 687 ,

93 733 453 794 respectuum,
478 724 571 790 qui
613 739 672 773 se
713 723 767 773 in
811 721 1036 784 FormiS,
1064 721 1203 773 sicut
1229 721 1501 784 audivisti,
1533 738 1661 772 con-

94 818 356 875 centrant,
376 811 431 861 in
451 809 598 860 hunc
619 807 885 860 Ordinem
912 807 1222 875 explicatae,
1240 807 1318 858 ita
1343 807 1414 858 ad
1440 808 1660 858 unicum

94 897 410 964 conspirant
437 894 618 957 finem,
644 895 786 945 sicut
813 893 1061 961 perpetui
1090 893 1289 946 Circuli
1325 893 1395 943 ad
1434 891 1664 943 Centro-

92 998 213 1034 rum
251 997 472 1032 suorum
519 980 815 1033 Centrum:
865 996 1032 1046 quare
1072 979 1127 1030 in
1181 979 1273 1030 illo
1315 978 1448 1029 nihil
1489 979 1664 1041 datur,

94 1067 242 1135 quod
295 1067 536 1118 Numine
579 1083 690 1117 non
732 1065 959 1133 plenum
1001 1072 1084 1116 est
1108 1083 1119 1130 ;
1167 1064 1216 1116 &
1262 1065 1397 1115 nihil
1439 1081 1548 1116 non
1591 1065 1664 1116 ab

97 1153 216 1216 1110,
269 1153 408 1204 sicut
468 1169 502 1204 a
525 1151 687 1209 ,Sole
737 1158 999 1214 coruscat,
1050 1150 1099 1201 &
1151 1150 1426 1202 caelestem
1487 1150 1665 1201 induit

92 1239 295 1307 vitam;
331 1238 450 1306 ipsa
474 1238 640 1289 etiam
667 1237 880 1288 Natura
905 1236 1032 1287 inde
1058 1236 1404 1303 splendescit,
1435 1237 1482 1288 &
1511 1237 1665 1303 quasi

94 1325 340 1376 animata
364 1323 497 1375 vivit
520 1340 533 1387 ;
570 1339 698 1374 nam
724 1339 821 1389 per
846 1321 995 1372 illam
1022 1323 1129 1373 itur
1151 1322 1223 1372 ad
1251 1322 1443 1374 ultima
1460 1322 1664 1385 finium,

99 1409 148 1461 81
207 1410 278 1461 ab
340 1409 423 1460 his
475 1410 757 1476 respicitur
800 1408 1052 1475 primum.
1147 1408 1288 1460 Cum
1345 1409 1534 1461 Puella
1580 1408 1665 1460 his

98 1495 302 1547 diutius
343 1511 416 1546 ex
457 1494 668 1545 infinita
707 1494 1070 1545 delectatione
1116 1493 1423 1546 intenderet
1474 1496 1667 1557 visum,

98 1580 326 1648 fulguris
370 1581 541 1632 instar
583 1597 794 1631 sacram
838 1579 1043 1630 Mentis
1083 1578 1200 1646 ejus
1233 1560 1664 1647 perstrinxit¹lu-

98 1685 254 1732 cem;
294 1667 343 1719 &
382 1684 448 1718 eo
492 1667 613 1734 ipso
656 1666 897 1729 instanti,
923 1667 978 1717 in
1014 1666 1237 1717 interius
1274 1666 1484 1719 Caelum
1513 1669 1667 1735 quasi

98 1753 308 1820 illapsa,
333 1754 534 1815 omnia,
562 1769 686 1819 quae
722 1751 988 1803 hactenus
1024 1752 1080 1802 in
1118 1758 1268 1818 typ0,
1295 1752 1350 1802 in
1390 1754 1508 1820 ipsa
1539 1771 1667 1805 con-

99 1839 368 1906 spiciebat
393 1839 530 1890 idea.

170 1939 254 1991 99.
295 1923 435 1978 Cum
464 1940 604 1975 nova
629 1921 747 1974 haec
773 1922 1046 1986 Caelicola,
1073 1922 1418 1976 faustissimis
1447 1924 1664 1989 laetitiis,

101 2027 214 2061 suae
242 2010 446 2061 Mentis
473 2009 667 2060 intima
691 2009 1029 2076 aliquamdiu
1056 2011 1282 2077 paverit,
1304 2010 1486 2062 subito
1513 2012 1669 2078 quasi

101 2096 328 2163 relapsa,
351 2094 553 2147 ocellos
594 2095 784 2162 digito,
811 2102 871 2146 ut
905 2095 1053 2162 prior
1089 2096 1258 2147 menti
1285 2097 1486 2148 rediret
1512 2099 1668 2159 acieS,

101 2181 351 2232 alacriter
375 2181 544 2244 tersit,
567 2179 615 2232 81
643 2181 718 2232 sic
739 2181 936 2232 iterum
960 2180 1253 2233 Caelestem
1274 2199 1431 2233 suam
1458 2184 1671 2245 intuita,

101 2283 282 2335 perge,
307 2267 526 2334 quaeso!
566 2267 763 2330 aiebat,
793 2266 840 2318 &
876 2274 974 2318 tuo
1008 2274 1124 2318 tam
1159 2268 1295 2319 scito
1331 2267 1547 2335 eloquio
1583 2287 1672 2321 me

100 2354 324 2415 instrue,
361 2369 545 2404 annon
585 2353 673 2404 hic
714 2352 867 2405 Ordo
910 2370 969 2403 se
1009 2353 1066 2403 in
1109 2353 1287 2420 effigie
1323 2355 1670 2422 perspicuum

102 2440 273 2501 sistat,
300 2455 428 2490 nam
455 2438 594 2490 sicut
620 2438 709 2489 ille
746 2455 778 2489 a
811 2438 1015 2490 Centro
1050 2439 1105 2488 in
1143 2446 1434 2506 perpetuas
1471 2440 1672 2493 labitur

101 2524 316 2588 heliceS,
345 2524 393 2576 &
420 2524 711 2575 defluendo
737 2523 996 2590 panditur
1035 2523 1083 2574 ἃ
1122 2525 1328 2589 crescit,
1356 2542 1523 2593 seque
1549 2527 1672 2579 ulti-

91 2606 208 2678 'mis
247 2617 457 2662 naturae
500 2609 686 2660 formis
728 2609 955 2660 involvit
1000 2608 1048 2660 &
1079 2609 1295 2672 evolvit,
1330 2612 1408 2663 ita
1445 2612 1672 2664 forsitan

103 2713 162 2747 se
202 2702 318 2747 tam
356 2695 630 2747 luculente
670 2694 928 2761 explicat,
966 2701 1026 2746 ut
1066 2712 1124 2746 se
1163 2703 1342 2747 totum
1375 2699 1675 2764 patefaciat

94 2781 314 2831 sensui:
351 2781 422 2832 ad
460 2779 578 2832 haec
614 2781 774 2842 Diva,
801 2779 961 2846 hujus
996 2780 1251 2832 desiderii
1288 2789 1439 2834 tacta
1470 2801 1670 2848 amore,

105 2866 150 2917 si
177 2865 324 2928 libet,
351 2866 540 2934 inquit,
568 2867 735 2918 etiam
759 2865 843 2916 his
869 2866 978 2917 tuis
997 2866 1140 2917 votis
1160 2867 1429 2919 favebitur
1452 2887 1464 2933 ;
1492 2871 1674 2936 aspice

103 2951 290 3003 Meam
313 2950 547 3014 Faciem,
569 2959 664 3003 aut
690 2951 744 3001 in
771 2950 937 3002 fontis
962 2951 1042 3003 tui
1070 2953 1228 3019 aqua,
1249 2954 1432 3021 aspice
1457 2954 1636 3006 Tuam
1661 2973 1673 3020 ;

105 3035 154 3088 &
180 3043 275 3088 tua
302 3035 350 3088 &
379 3053 502 3089 mea
527 3037 680 3090 illum
707 3036 954 3088 ordinem
982 3044 1166 3105 portat
1205 3039 1260 3090 in
1292 3040 1470 3108 effigie
1493 3058 1506 3106 3
1543 3058 1672 3093 nam

884 3134 916 3173 P
