2106 3450
536 251 636 295 DE
679 251 866 296 ORTU
896 252 1380 298 PRIMOGENITI.
1694 264 1740 309 51

166 371 266 423 sua
291 372 604 435 instantem,
631 379 692 424 ut
718 390 919 424 novum
946 371 1171 424 vitalem
1196 372 1472 441 hospitem
1503 374 1551 426 &
1587 375 1742 442 spiri-

164 463 299 519 tum,
320 475 420 526 pro
440 475 549 526 quo
569 459 822 526 jamdum
844 465 1123 510 struxerat
1141 459 1324 510 aditus
1353 459 1401 511 82
1430 460 1739 527 penetrales

166 541 455 603 thalamos
483 544 704 595 naribus
741 543 789 595 &
822 551 1043 612 pectore
1077 543 1362 597 hauriebat
1379 545 1496 614 <y);
1538 546 1586 597 &
1629 547 1745 613 ejus

167 627 500 681 adminiculo
574 629 888 697 palaestram
959 630 1418 682 exercitationum
1482 633 1744 698 aperienS,

167 729 362 781 operas
387 716 469 766 sui
495 717 749 783 corporiS‚
779 733 902 783 quae
925 716 1179 783 jamdum
1207 718 1260 768 in
1289 719 1538 784 potentia
1573 726 1741 781 erant,

168 798 218 852 81
245 801 600 864 conabantur,
629 803 682 853 in
709 820 807 854 sua
838 804 1026 854 munia
1061 802 1356 856 excitabat.
1435 805 1744 855 Lectissimi

169 883 327 937 flores
353 887 701 940 circumcirca
718 888 832 939 'hoc
866 888 1060 951 cubile,
1088 889 1159 940 ab
1186 890 1308 941 imis
1336 891 1445 941 suis
1474 891 1745 942 meatibus

163 970 280 1037 jam
332 972 670 1026 exhalabant
715 975 925 1037 odoreS,
972 982 1033 1025 ut
1077 992 1175 1043 per
1219 992 1312 1026 eos
1358 977 1467 1027 aeri
1512 984 1748 1028 attracto

170 1056 391 1122 inquOS,
420 1061 587 1110 etiam
620 1068 981 1127 penetrarent,
1010 1060 1057 1112 ἃ
1093 1077 1312 1112 omnem
1354 1062 1587 1113 Infantis
1624 1079 1748 1114 san-

168 1144 390 1210 guinem
417 1163 449 1197 a
482 1145 662 1197 Corde
695 1146 811 1212 jam
851 1146 1075 1197 obvium
1118 1146 1166 1198 &
1206 1147 1316 1197 aeri
1356 1155 1746 1208 occurrentem,

170 1229 333 1282 lautis
379 1231 428 1283 &
475 1231 785 1298 epularibus
822 1232 996 1295 doniS‚
1034 1231 1438 1284 exhilararent:
1490 1234 1748 1300 quicquid

173 1324 287 1368 erat
314 1317 369 1368 in
403 1325 612 1369 naturae
650 1317 873 1384 RegniS,
899 1318 970 1381 id,
998 1325 1263 1386 tanquam
1299 1320 1590 1382 conscium,
1620 1335 1748 1370 nam

235 1505 305 1565 (y)
342 1508 479 1565 Quod
499 1522 581 1565 per
605 1509 826 1565 Spiritum
847 1509 1049 1553 Vitalem
1069 1510 1254 1553 Adamo
1277 1510 1478 1554 infusum
1497 1502 1665 1554 Genes.
1688 1511 1752 1554 ΙΙ.

174 1587 215 1630 7,
246 1591 340 1621 non
371 1578 603 1622 intellecta
635 1579 693 1622 sit
723 1579 908 1634 Anima,
941 1586 1168 1635 quatenus
1204 1581 1340 1623 Mens
1374 1580 1638 1636 spiritualis,
1670 1580 1754 1623 sed
1836 1569 1838 1571 ’

174 1645 324 1689 solum
359 1647 465 1700 Aer,
498 1661 579 1703 per
615 1661 754 1703 quem
793 1647 1070 1703 Respiratio,
1103 1647 1144 1691 δε
1175 1647 1328 1691 activa
1359 1648 1502 1704 ipsius
1536 1648 1752 1704 Corporis

172 1715 280 1771 vita,
302 1729 396 1759 non
418 1717 567 1759 solum
592 1730 647 1760 ex
679 1716 790 1773 ipsis
821 1716 986 1771 verbis,
1010 1716 1093 1760 sed
1121 1717 1262 1760 etiam
1291 1731 1319 1759 a
1339 1717 1571 1773 parallelis
1597 1718 1753 1760 Sacrae

177 1784 425 1842 Scripturae
459 1785 588 1839 locis,
620 1785 874 1828 admodum
906 1786 1028 1829 clare
1059 1785 1241 1829 elucet:
1290 1786 1446 1829 Verba
1478 1787 1602 1829 enim
1634 1795 1757 1842 sunt,

173 1852 200 1874 “
217 1854 371 1910 Quum
390 1855 501 1897 Iova
520 1855 648 1898 Deus
674 1855 927 1898 Hominem
949 1869 1004 1898 ex
1025 1862 1157 1898 terrae
1178 1854 1367 1911 pulvere
1383 1855 1689 1909 formavisset,
1708 1856 1755 1898 in

174 1923 273 1980 ejus
291 1923 442 1966 Nares
462 1923 683 1979 Spiritum
699 1923 886 1966 vitalem
904 1923 1155 1980 inspiravit,
1172 1938 1226 1967 ex
1242 1938 1334 1980 quo
1349 1924 1578 1967 Animans
1599 1925 1757 1967 Homo

174 1991 363 2036 effectus
385 2000 455 2036 est
469 1993 489 2012 '²
511 2008 519 2037 :
571 1994 690 2036 Tam
714 2007 770 2036 ex
795 1993 1104 2049 Inspiratione
1127 2007 1206 2037 seu
1229 1993 1461 2036 insufflatu
1484 2007 1564 2050 per
1588 1995 1756 2049 Nares,

175 2075 316 2119 quam
336 2075 392 2105 ex
411 2062 710 2106 Animatione
739 2076 818 2105 seu
846 2062 1149 2118 respiratione
1178 2062 1286 2105 inde
1315 2062 1521 2117 oriunda,
1545 2063 1757 2119 patescit,

175 2130 301 2188 quod
321 2144 403 2187 per
423 2145 527 2174 eum
549 2131 782 2188 Spiritum,
808 2131 1024 2187 Corporis
1046 2130 1144 2187 ejus
1166 2131 1311 2174 vitam
1332 2132 1573 2187 aperuerit.
1636 2133 1758 2175 Prae-

174 2208 312 2255 terea,
345 2200 470 2257 quod
505 2201 684 2244 Ventus
722 2200 762 2244 δι
793 2200 1120 2255 Atmosphaera
1151 2213 1301 2254 aerea,
1333 2214 1473 2255 quam
1508 2200 1756 2244 Pulmones

175 2269 415 2326 respirant,
434 2270 480 2312 in
505 2270 674 2325 Sacris,
690 2284 781 2313 non
802 2270 944 2313 semel
964 2269 1161 2324 Spiritus
1180 2269 1379 2312 Divinus
1397 2269 1569 2324 audiat,
1583 2284 1610 2312 a
1628 2270 1757 2323 locis,

175 2346 227 2382 ut
243 2338 417 2382 dictum
434 2347 520 2394 est,
532 2339 762 2395 parallelis
782 2338 822 2381 ἃ
838 2338 973 2394 hujus
992 2338 1330 2394 interpretibus,
1347 2346 1561 2382 constare
1577 2346 1728 2394 potest
1746 2354 1755 2390 3

177 2415 227 2451 ut
257 2422 287 2451 a
324 2408 491 2451 Genes.
528 2409 639 2464 Cap.
673 2409 755 2451 VI.
788 2421 904 2450 vers.
944 2418 1007 2461 17.
1043 2408 1153 2463 Cap.
1187 2407 1298 2451 VII.
1332 2421 1449 2451 vers.
1489 2417 1551 2462 15.
1588 2408 1758 2451 Psalm.

181 2477 302 2520 CIV.
337 2477 405 2520 28.
441 2489 509 2532 29.
541 2485 591 2520 ut
634 2477 783 2519 solum
824 2476 927 2519 heic
969 2475 1160 2519 recitem
1194 2476 1361 2519 Genes.
1394 2477 1505 2519 VII.
1539 2490 1654 2519 vers.
1690 2489 1757 2519 22.

182 2546 355 2590 Omnia
374 2561 654 2602 quaecunque
682 2547 732 2589 in
763 2544 890 2601 terra
919 2545 1111 2588 vitalem
1139 2546 1361 2602 spiritum
1392 2546 1602 2588 Naribus
1631 2546 1760 2588 duce·

178 2614 299 2670 bant,
322 2620 507 2658 mortua
536 2620 660 2658 sunt.
724 2614 870 2658 Exod.
895 2614 996 2658 XV.
1023 2614 1061 2657 8.
1097 2626 1162 2657 10.
1189 2613 1278 2657 Ad
1309 2615 1352 2656 T
1348 2628 1520 2657 uarum
1548 2614 1759 2657 lVarium

178 2684 372 2727 Flatum
394 2690 670 2728 coacervata?
689 2689 802 2728 sunt
821 2698 967 2739 aquae,
990 2697 1019 2725 a
1046 2683 1121 2738 Te,
1138 2684 1311 2739 spiritu
1334 2684 1416 2726 illo
1422 2684 1589 2740 flante,
1609 2684 1764 2726 obruti

177 2757 290 2796 sunt
319 2754 455 2797 mari.
483 2754 544 2796 II.
572 2754 683 2809 Reg.
708 2753 866 2795 XXII.
898 2751 961 2795 16.
984 2752 1195 2794 Narium
1231 2753 1444 2794 Tuarum
1459 2752 1592 2808 flatu
1624 2756 1761 2807 atque

180 2822 369 2879 Spiritu
414 2823 640 2878 patefacti
676 2827 788 2865 sunt
833 2821 994 2864 Maris
1033 2822 1262 2878 gurgites,
1343 2821 1432 2876 Job
1472 2822 1676 2864 XXVII.
1721 2832 1758 2874 3.

184 2891 420 2948 Quamdiu
442 2892 631 2934 durabit
650 2893 701 2935 in
725 2906 793 2935 me
814 2892 861 2934 F
858 2891 997 2946 latus,
1021 2891 1081 2934 ξέν’
1101 2891 1152 2934 in
1174 2891 1305 2934 Naso
1333 2890 1571 2933 Divinum
1599 2889 1763 2932 habebo

181 2961 413 3018 spiritum,
438 2961 519 3004 &c.
545 2960 625 3005 &c.
