2106 3450
403 261 462 316 76
500 253 503 257 '
660 264 889 309 CAPUT
923 266 1322 325 SECUNDUM,
1366 268 1608 325 SECTJO
1647 269 1714 314 [Ι.

404 385 459 434 in
487 401 611 435 eum
638 386 884 437 ordinem
911 387 1202 454 dispositis,
1232 397 1291 440 ut
1326 389 1443 440 haec
1478 390 1825 457 peripheriaS,
1854 389 1974 442 haec

405 486 554 529 axes.
576 470 623 522 ἃ
650 470 768 523 haec
794 473 1105 537 diametrOS‚
1121 475 1354 541 junctim
1382 477 1648 543 effigient3
1685 476 1890 528 scilicet
1914 485 1974 529 ut

404 556 602 619 omnia,
651 558 790 609 sicut
852 575 1001 610 mera
1055 561 1370 627 aequilibria,
1420 562 1490 612 ad
1541 563 1744 629 placita
1793 570 1974 614 vestra

405 642 799 694 secundissimo
858 661 1007 696 more
1067 645 1251 709 fluant,
1306 647 1353 698 &
1405 647 1554 698 nulla
1604 649 1972 714 potentiarum

406 724 694 779 Voluntati
711 736 916 792 vestrae,
930 729 1014 781 vel
1032 731 1259 782 minimo
1280 749 1427 796 ausu,
1440 733 1612 784 hiscat
1630 732 1971 800 resistere(k).

407 895 589 939 stantiae
602 896 646 939 vi
661 896 836 941 inertiae
850 898 1069 954 praeditae,
1085 913 1188 956 quae
1201 899 1261 942 ad
1279 900 1505 956 puriorem
1522 900 1758 944 tactumin
1773 900 1974 956 Organis

406 964 600 1009 olfactus
623 966 664 1009 ὃς
684 975 844 1021 gustus
866 967 1143 1023 pertingunt.
1181 970 1260 1012 lv.
1284 970 1616 1025 Atmosphaerae
1632 970 1768 1014 etiam
1788 985 1975 1014 suorum

407 1041 608 1076 statuum
629 1036 923 1091 mutationes,
941 1036 1074 1079 sicuti
1093 1037 1293 1093 Calores,
1310 1039 1513 1094 Frigora,
1528 1039 1793 1095 Temperies
1811 1039 1974 1095 siccas,

404 1102 634 1158 humidas,
670 1105 826 1147 Motus
863 1105 1108 1147 voluminis
1145 1106 1358 1162 partium,
1390 1107 1723 1163 Tempestates,
1755 1108 1797 1151 &
1826 1108 1973 1164 plura,

405 1171 648 1215 nobiscum
672 1174 1025 1217 communicant.
1071 1175 1173 1217 Nos
1195 1175 1400 1226 vicissim
1416 1177 1559 1219 nostri
1579 1177 1794 1233 Corporis
1812 1186 1974 1231 statu5‚

408 1241 449 1283 ἃ
479 1241 541 1284 ab
571 1242 742 1286 intimis
775 1243 965 1287 fluentes
996 1244 1288 1299 mutationes,
1315 1254 1469 1299 aestus,
1490 1246 1692 1301 hyemes,
1714 1246 1973 1302 temperies,

407 1309 449 1352 δε
481 1312 659 1354 animos
691 1311 815 1355 varie
846 1311 1049 1366 affectos,
1082 1312 1147 1356 eis
1180 1313 1471 1369 opponimus,
1495 1328 1554 1357 ne
1584 1314 1664 1370 illi,
1685 1315 1973 1358 clandestino

405 1378 606 1434 introitu,
639 1380 774 1423 altius
811 1389 1063 1437 penetrent,
1095 1396 1236 1437 quam
1272 1396 1479 1439 quosque
1511 1391 1675 1426 natura
1705 1391 1864 1427 nostra
1892 1398 1975 1440 po-

404 1455 620 1492 testatem
644 1450 766 1505 facit,
788 1458 836 1493 ut
867 1450 928 1493 ab
959 1451 1025 1494 eis
1056 1451 1323 1495 afficiamur.
1385 1453 1439 1495 V.
1471 1452 1811 1509 Atmosphaerae
1832 1453 1974 1496 etiarn

407 1517 691 1573 Sanguinem
714 1519 754 1561 &
779 1519 999 1576 Spiritum
1019 1528 1240 1576 nostrum,
1263 1521 1519 1565 Elementis
1541 1535 1596 1564 ex
1617 1522 1764 1565 salina
1784 1522 1976 1566 matrice

406 1586 678 1641 sublimatis,
716 1587 758 1630 &
793 1588 859 1631 sic
896 1588 1100 1644 occultis,
1137 1590 1418 1646 cumprimis,
1456 1604 1537 1646 per
1569 1590 1811 1634 Ambitum
1848 1591 1974 1634 Cuti-

406 1656 621 1710 cularem,
638 1656 679 1700 ὃς
701 1657 941 1700 Vesiculas
966 1658 1279 1713 PulmonareS,
1298 1658 1540 1702 insinuatis
1557 1659 1801 1714 alimentis,
1818 1660 1974 1714 nutrit,

405 1723 564 1779 reficit,
588 1724 629 1767 δε
644 1724 815 1781 jugiter
836 1734 987 1770 novat.
1046 1726 1266 1770 Similiter
1286 1727 1425 1770 etiam
1447 1728 1603 1771 Tellus
1625 1742 1680 1772 ex
1700 1728 1867 1784 triplici
1890 1742 1974 1772 suo

407 1792 586 1848 Regno,
607 1794 689 1837 sed
709 1808 791 1850 per
815 1803 975 1850 aperta
1002 1795 1188 1849 crificia,
1211 1796 1252 1838 &
1279 1796 1430 1851 tubos,
1452 1796 1500 1838 in
1527 1797 1719 1840 Viscera
1747 1798 1974 1854 chylopea

406 1861 447 1904 ἃ
466 1862 787 1917 sanguigenea.
834 1865 934 1906 Nos
951 1863 1172 1919 vicissim,
1186 1864 1258 1906 his
1275 1864 1495 1920 porrectis
1513 1865 1771 1909 &invitatis
1786 1866 1971 1909 cibariis

405 1930 447 1973 δε
469 1930 602 1974 donis
623 1930 759 1987 fruiti,
782 1931 1003 1987 obsoleta,
1020 1945 1207 1976 munere
1230 1946 1311 1975 suo
1333 1933 1563 1988 defuncta,
1586 1934 1756 1990 inepta,
1775 1947 1971 1991 quaeque

403 2000 660 2056 polluerent
681 2000 896 2057 hospitia,
913 2014 994 2056 per
1012 2015 1151 2057 poros
1174 2001 1221 2043 in
1242 2001 1440 2044 universi
1462 2016 1678 2058 campum
1700 2003 1969 2059 disjicimus‚

402 2076 452 2112 ut
489 2069 530 2112 ἃ
566 2084 648 2125 per
682 2070 774 2112 alvi
809 2070 927 2113 fores
963 2084 1278 2114 exoneramus.
1352 2071 1434 2113 VI.
1470 2071 1586 2114 Obis
1621 2078 1891 2128 terraqueus
1927 2072 1970 2117 δε

403 2139 798 2195 atmosphaericus‚
820 2139 941 2182 hunc
973 2139 1202 2182 Mundum
1232 2140 1513 2196 Corporeum
1539 2154 1594 2183 ex
1613 2140 1854 2185 elementis
1875 2141 1970 2185 suis

403 2207 664 2261 enutritum,
702 2208 743 2251 Sc
785 2208 1046 2264 conflatum,
1077 2207 1177 2264 jam
1212 2207 1307 2250 vita
1343 2208 1427 2251 sua
1466 2208 1688 2263 functum,
1723 2210 1886 2253 ultimo
1921 2211 1970 2254 in

402 2275 556 2318 sinum
587 2289 718 2318 suum
749 2276 923 2332 recipit,
955 2276 1142 2319 tumulis
1177 2276 1400 2330 recondit,
1432 2277 1473 2320 δε
1500 2275 1564 2320 ab
1593 2291 1654 2320 =e0
1689 2285 1849 2322 mutua
1885 2293 1970 2322 sua

402 2345 617 2401 reposcit,
639 2359 694 2389 ac
716 2346 881 2389 iterum
902 2346 1136 2402 dispergit.
1197 2346 1368 2389 Anima
1394 2360 1515 2401 vero,
1538 2346 1579 2389 δε
1601 2361 1815 2403 suprema
1836 2347 1967 2392 istius

406 2413 622 2469 Corporis
657 2415 808 2469 Mens,
836 2429 930 2458 non
960 2414 1124 2471 pulvis,
1149 2415 1232 2459 sed
1262 2429 1369 2471 pars
1401 2415 1596 2458 caelestis
1626 2423 1816 2470 naturae,
1838 2416 1967 2473 cujus

402 2483 544 2526 vitam
570 2484 826 2539 Corporeus
848 2484 924 2527 ille
944 2485 1067 2528 orbis
1088 2484 1214 2540 vixit,
1235 2484 1436 2541 hospitio
1458 2498 1540 2528 suo
1562 2492 1708 2539 exuta,
1727 2486 1968 2530 Macroco-

402 2565 503 2595 smo
525 2552 635 2595 olim
657 2566 740 2595 suo
761 2553 1038 2609 valedicens,
1056 2553 1103 2596 in
1123 2553 1403 2609 superiorem
1424 2567 1555 2596 suam
1576 2553 1819 2611 sphaeram,
1837 2555 1967 2611 cujus

400 2620 554 2664 incola
575 2621 647 2676 sit,
670 2635 719 2665 se
740 2622 922 2677 penitus
944 2622 1118 2678 recipit.
1183 2623 1253 2665 Ex
1273 2622 1345 2666 his
1366 2630 1570 2678 apparet,
1593 2622 1703 2679 quid
1727 2637 1756 2666 a
1785 2624 1967 2667 Mundo

400 2690 648 2745 ambiente,
680 2690 720 2733 &
751 2690 862 2746 quid
893 2691 1085 2734 anobis
1117 2691 1228 2747 ipsis
1261 2691 1483 2746 ducimus,
1514 2691 1703 2745 scilicet,
1736 2692 1861 2748 quod
1891 2693 1968 2737 ille

401 2759 542 2803 modo
582 2760 725 2803 nostri
770 2760 985 2816 Corporis
1016 2751 1211 2803 'ordines
1252 2760 1294 2803 &
1334 2767 1480 2803 status
1522 2761 1755 2803 communi
1796 2761 1966 2813 auxilio

403 2839 638 2886 sustentet,
655 2832 696 2875 δι
711 2832 979 2877 facultatem
996 2832 1085 2888 det,
1100 2840 1149 2875 ut
1170 2846 1255 2876 nos
1276 2832 1472 2889 propriis
1491 2831 1708 2889 potentiis
1730 2832 1771 2876 &
1791 2835 1965 2879 naturis

400 2900 570 2958 perfrui
592 2914 827 2957 queamus.

462 2969 524 3026 (k)
552 2969 688 3026 Quod
710 2983 764 3014 ex
783 2969 922 3014 meris
948 2969 1126 3015 Centris
1144 2969 1380 3026 consistat,
1395 2969 1541 3026 primo
1558 2969 1722 3014 intuitu
1743 2983 1965 3028 apparere
