2106 3450
527 249 628 292 DE
673 248 858 292 ORTU
898 247 1244 291 TELLURJS.
1620 259 1667 290 11

171 384 247 424 10.
290 372 570 423 Immenso
596 370 701 422 hoc
728 370 999 422 Lacunari
1026 370 1287 429 diffract0‚
1315 369 1546 421 totidem
1575 387 1673 421 ex-

91 456 287 509 siluere
322 457 517 519 Moles,
552 463 688 524 quot
724 457 778 507 in
812 456 917 506 hoc
953 455 1224 507 Universo
1264 456 1674 522 conspiciuntur

91 544 328 594 errantia
365 542 574 605 Sidera,
611 542 846 593 Telluris
890 548 1092 592 nostrae
1131 540 1363 592 aemula:
1413 541 1508 591 sed
1548 558 1678 608 quae

91 627 272 680 adhuc
296 628 565 691 informia,
595 627 643 679 &
672 629 726 679 in
755 627 904 679 nullo
932 627 1129 678 librata
1161 626 1376 689 aethere,
1407 644 1670 693 magnum

90 714 174 765 sui
203 714 478 767 Genitoris
505 714 736 765 limbum
764 720 1101 780 premerent:
1142 712 1289 763 nulla
1310 713 1454 763 enim
1474 714 1554 763 vis
1582 729 1674 763 eas

91 798 199 851 alio
226 801 420 867 rapuit.
498 800 586 851 Ita
613 800 752 850 sicut
779 800 1047 850 lactantes
1084 798 1269 851 Glomi
1303 816 1447 866 pone
1477 799 1675 850 ardens

92 885 340 936 Parentis
365 886 648 953 gremium,
669 885 717 936 ἃ
740 886 894 952 quasi
915 886 985 936 ad
1013 884 1128 952 ejus
1156 885 1336 947 ubera,
1358 885 1530 952 sparsi
1552 901 1676 951 pro-

91 969 407 1022 cubuerunt.
463 970 602 1021 Mox
628 987 757 1021 vero
785 970 915 1020 dum
946 968 1056 1031 Sol,
1084 969 1304 1020 reclusis
1329 969 1514 1031 valvis,
1545 969 1592 1020 &
1620 970 1676 1019 in

69 1057 254 1107 'inane
278 1057 590 1107 universum
617 1056 935 1123 patentibus
960 1057 1144 1122 portiS,
1175 1073 1247 1106 ex
1277 1056 1388 1108 Ore
1423 1073 1522 1106 suo
1556 1055 1674 1121 jam

91 1141 256 1210 pleno
298 1141 347 1193 &
383 1142 668 1203 intumidO,
697 1143 885 1208 igneos
921 1141 1174 1208 ejaculari
1209 1141 1426 1204 halituS,
1454 1141 1502 1193 &
1539 1140 1674 1191 illud

91 1226 204 1277 suis
229 1226 491 1293 potentiis
520 1225 568 1277 &
595 1226 798 1277 viribus
826 1226 1138 1277 distendere
1166 1228 1439 1292 coepisset,
1468 1227 1675 1278 vicinas

89 1311 329 1378 primum
373 1311 422 1363 81
464 1328 599 1362 mox
640 1311 922 1363 ulteriores
963 1312 1267 1374 distantiaS,
1295 1311 1478 1373 AuriS,
1509 1311 1557 1362 St
1598 1313 1675 1362 sic

95 1397 314 1465 Spatiis,
342 1397 612 1464 opplevit(
615 1398 667 1464 f
673 1397 727 1464 );
793 1397 932 1448 Inde
966 1404 1117 1448 ortus
1142 1397 1341 1448 AEther
1360 1416 1372 1462 ;
1412 1398 1504 1464 qui
1542 1398 1674 1449 dum

95 1511 294 1566 Ovariis‚
315 1511 425 1555 dein
446 1512 567 1555 intra
592 1511 796 1555 Chorion
818 1511 859 1555 &
881 1512 1101 1567 Amnion,
1124 1525 1229 1568 quae
1251 1525 1356 1554 cum
1385 1525 1469 1554 suo
1496 1509 1675 1567 liquido

90 1580 295 1625 referunt
315 1589 486 1625 testam
503 1595 609 1624 cum
631 1581 848 1637 albugine
870 1581 917 1623 in
942 1582 1058 1624 Ovo.
1108 1581 1300 1625 Semina
1322 1594 1505 1637 quoque
1526 1581 1675 1635 Vege-

91 1650 319 1706 tabilium,
343 1664 448 1707 quae
478 1650 697 1693 tuniculis
730 1650 958 1704 obvelata,
991 1650 1033 1694 δε
1065 1664 1204 1694 succo
1235 1651 1404 1694 aemulo
1435 1650 1559 1692 intus
1591 1649 1676 1693 cir-

93 1719 326 1775 cumdata,
347 1719 475 1763 idern
495 1727 841 1775 repraesentant.
891 1719 1067 1762 Similis
1090 1719 1232 1763 etiarn
1254 1720 1469 1763 omnibus
1492 1726 1677 1763 constat

91 1789 224 1844 ratio,
242 1803 352 1832 narn
373 1788 485 1831 dum
506 1789 640 1831 nixus
662 1796 846 1845 tempus
867 1789 1023 1844 instat,
1048 1789 1144 1832 sive
1166 1789 1214 1831 in
1235 1796 1379 1843 utero,
1398 1789 1575 1832 semine
1596 1796 1676 1832 aut

93 1872 197 1914 ovo,
211 1857 512 1914 disrumpitur
527 1857 831 1913 involucrum,
845 1858 1065 1912 tunicula,
1078 1866 1199 1902 testa
1219 1873 1228 1901 :
1261 1859 1411 1902 solum
1433 1858 1677 1902 intercedit

93 1928 343 1972 discrimen
384 1927 504 1971 inter
542 1927 644 1971 haec
686 1928 867 1971 minora
902 1935 1061 1984 partus
1093 1928 1320 1985 exempla,
1348 1928 1390 1971 δε
1420 1928 1676 1971 maximum

96 1997 231 2051 Solis,
264 1996 391 2053 quod
421 1996 544 2039 fotus
576 2010 658 2040 seu
695 1997 834 2052 calor,
866 1997 912 2039 in
952 1997 1065 2051 Illis,
1098 1997 1158 2040 ab
1195 1997 1376 2040 extimis
1413 1997 1475 2039 ad
1511 1996 1676 2039 intima

92 2074 319 2124 penetret,
341 2073 593 2122 antequam
625 2066 686 2109 ab
718 2066 892 2109 intimis
924 2066 1019 2122 agit
1052 2066 1099 2108 in
1129 2067 1332 2119 extima3
1370 2066 1417 2108 in
1442 2068 1547 2109 Hoc
1566 2080 1676 2110 vero

93 2136 154 2179 ab
176 2135 352 2178 intimis
373 2134 435 2177 ad
456 2135 641 2188 extima,
662 2142 712 2178 ut
733 2135 892 2179 redeat
913 2148 1072 2178 versus
1094 2135 1187 2189 illa,
1210 2149 1314 2191 quae
1339 2135 1502 2179 intima
1530 2135 1676 2178 invol-

93 2213 239 2259 vunt3
284 2205 402 2249 ratio
438 2205 564 2249 enim
594 2219 782 2261 prorsus
813 2204 997 2248 inversa
1028 2204 1165 2247 datur
1195 2205 1476 2261 operationis
1508 2205 1675 2261 princi-

93 2274 289 2332 piorum,
332 2288 474 2331 quam
515 2287 759 2317 causarum
800 2281 880 2317 aut
921 2273 1169 2316 effectuum
1218 2287 1247 2316 a
1296 2273 1534 2330 principiis
1576 2274 1676 2317 istis

94 2343 422 2389 existentium:
450 2343 540 2387 hoc
569 2343 903 2399 sempiternum
933 2349 1018 2397 est,
1040 2356 1135 2384 non
1167 2342 1317 2385 solum
1348 2343 1395 2385 in
1426 2343 1676 2387 momentis

94 2421 268 2471 partus,
293 2412 375 2456 sed
395 2412 538 2456 etiam
559 2412 607 2455 in
630 2413 824 2468 caeteris,
846 2411 972 2468 quod
994 2425 1075 2468 per
1098 2412 1325 2468 Exempla
1346 2412 1605 2455 illustrandi
1627 2412 1674 2455 in

95 2482 394 2540 sequentibus
411 2481 548 2526 datur
562 2482 706 2525 locus.
752 2482 857 2524 Hoc
875 2488 1013 2537 pacto
1031 2488 1137 2523 sunt
1150 2480 1197 2523 hi
1214 2481 1362 2524 Orbes
1375 2481 1675 2525 nihilominus

95 2553 247 2596 foetus
268 2565 326 2595 ex
353 2550 456 2594 sinu
487 2551 608 2595 Solis
638 2565 774 2594 suum
805 2557 955 2593 ortum
985 2549 1026 2592 &
1055 2549 1349 2593 existentiam
1377 2551 1532 2603 nacti3
1564 2565 1676 2594 nam

100 2622 349 2665 Elementa
394 2619 491 2664 sive
531 2620 801 2663 immediate
841 2634 870 2662 a
913 2619 1082 2662 Centro
1125 2619 1171 2662 in
1222 2620 1501 2663 immensam
1548 2621 1676 2663 illam

97 2698 314 2745 crustam,
337 2689 435 2732 sive
463 2703 492 2732 a
519 2689 792 2746 peripheriis
821 2689 880 2731 ab
910 2702 965 2731 eo
995 2688 1220 2744 excitatis,
1245 2689 1286 2732 δε
1308 2689 1369 2733 ad
1394 2691 1549 2734 Centri
1579 2705 1675 2733 am-

96 2760 259 2815 bitum,
297 2773 404 2802 cum
445 2758 784 2803 inchoamentis
826 2757 940 2813 istis,
980 2757 1189 2814 relapsis,
1229 2767 1450 2815 congesta
1493 2760 1674 2815 fuerint,

96 2828 263 2874 eodem
283 2828 414 2871 redit.

157 2896 236 2955 (j)
260 2898 367 2954 Ipse
379 2896 560 2950 AEther,
569 2910 660 2952 quo
673 2894 957 2939 Universum
974 2894 1132 2939 Solare
1148 2896 1384 2952 oppletum
1399 2905 1482 2952 est,
1498 2897 1538 2940 &
1552 2897 1675 2941 unde

101 2967 264 3026 Spatia
291 2980 346 3011 ac
378 2967 626 3022 Tempora,
647 2964 790 3008 verbo
822 2963 924 3020 ipsa
958 2964 1153 3022 Natura,
1172 2973 1223 3010 ut
1249 2965 1438 3023 aliquid,
1459 2967 1674 3021 existunt,
