2106 3450
380 247 459 290 116
621 246 853 291 CAPUT
887 246 1285 302 SECUNDUM,
1326 246 1568 292 SECTIO
1606 247 1699 291 III.

375 370 468 436 qui
501 369 782 436 pulverem
820 369 868 420 &
904 368 1095 419 limum
1133 367 1286 420 illum
1323 369 1599 436 reciperet,
1627 369 1766 420 foret
1801 366 1948 432 Aer;

375 454 495 521 ipsa
520 455 687 506 etiam
716 453 902 505 Tellus
931 453 979 505 &
1005 453 1121 520 ejus
1147 454 1340 515 orbita,
1367 454 1598 505 nesciret
1630 470 1789 505 suum
1824 469 1948 504 cen-

375 547 535 602 trum,
584 539 632 591 81
677 556 803 590 suas
846 538 1214 606 peripherias:
1281 539 1464 605 Hujus
1510 538 1606 590 fati
1650 538 1948 605 specimina

375 625 716 693 temporibus
743 642 855 675 suae
882 624 1059 675 noctis
1087 623 1135 675 &
1160 623 1374 690 hyemis
1409 625 1463 675 in
1497 625 1709 676 animos
1735 631 1949 676 nostros

377 718 627 773 revocat;
667 716 830 760 noctu
865 710 1010 760 enim
1049 710 1235 760 omnia
1273 710 1328 760 in
1368 710 1634 772 umbram,
1660 709 1708 761 &
1746 709 1947 777 hyeme

377 798 431 846 in
469 796 637 862 frigus
674 795 788 862 ejus
833 793 1071 846 cadunt:
1111 795 1206 846 sed
1251 795 1569 859 redeamus;
1605 795 1723 846 haec
1763 796 1949 847 omnia

378 882 772 942 demonstrant,
802 881 950 947 quod
978 878 1111 930 nihil
1139 881 1194 931 in
1220 879 1324 931 hoc
1352 881 1576 943 mundo,
1605 897 1715 932 non
1741 898 1774 932 a
1808 880 1952 942 Sole,
2001 865 2007 871 ⁶

380 975 440 1018 ut
474 985 505 1018 a
548 968 794 1027 Parente,
822 966 1006 1017 trahat
1038 982 1190 1016 suam
1231 973 1517 1019 naturam:
1555 968 1599 1018 si
1634 966 1834 1018 Parens
1868 967 1953 1029 sit,

379 1053 633 1120 sequitur,
657 1052 803 1119 quod
825 1052 1003 1102 foetus
1032 1050 1163 1117 eju5‚
1183 1059 1278 1102 aut
1305 1052 1588 1118 producta,
1616 1069 1741 1103 eum
1765 1052 1952 1119 aliquo

381 1146 518 1205 typo
563 1137 832 1189 referant:
878 1138 981 1204 ipsi
1026 1136 1142 1203 ejus
1188 1138 1338 1199 radii,
1384 1137 1581 1204 quibus
1625 1138 1955 1205 stringimur,

381 1232 508 1275 sunt
535 1224 766 1275 totidem
797 1223 844 1274 &
871 1223 1116 1273 continui
1143 1223 1299 1289 quasi
1325 1222 1468 1273 soles
1484 1222 1554 1290 (b)
1579 1241 1592 1287 ;
1629 1223 1674 1274 si
1711 1240 1804 1274 eos
1828 1240 1955 1274 con-

444 1356 501 1410 (b)
538 1356 675 1412 Quod
696 1355 814 1398 radii
846 1354 937 1398 sint
967 1354 1163 1398 totidem
1194 1354 1420 1410 imagines
1453 1354 1577 1410 solis,
1598 1368 1693 1398 non
1722 1355 1864 1400 modo
1893 1355 1954 1399 ab

382 1426 563 1479 effectu,
601 1424 685 1468 sed
722 1423 865 1467 etiam
899 1437 929 1466 a
963 1423 1143 1466 eaeteris
1179 1422 1519 1479 Phaenomenis,
1554 1437 1658 1480 quae
1692 1436 1875 1480 quoque
1908 1423 1957 1467 in

382 1497 532 1539 visum
564 1502 774 1538 nostrum
806 1492 1030 1547 incidunt,
1060 1493 1235 1549 liquet;
1278 1492 1487 1536 omnium
1517 1493 1642 1536 enim
1671 1492 1958 1550 objectorum

383 1564 610 1619 imagines
633 1577 740 1606 cum
763 1562 857 1605 suis
889 1561 1063 1616 formis,
1085 1575 1169 1617 per
1199 1561 1354 1605 radios
1386 1561 1484 1618 ejus
1514 1561 1700 1604 luminis
1731 1561 1778 1605 in
1807 1561 1959 1605 'visum

384 1641 594 1676 nostrum
625 1632 889 1685 illabuntur,
916 1644 996 1673 seu
1029 1629 1069 1672 ei
1103 1630 1444 1685 continuantur,
1465 1630 1659 1686 proinde
1690 1630 1831 1674 etiam
1860 1629 1960 1686 ipse

388 1702 481 1755 Sol,
507 1715 563 1746 ex
594 1715 698 1758 quo,
725 1708 775 1743 ut
805 1713 861 1743 ex
892 1713 975 1742 suo
1007 1698 1150 1753 fonte,
1177 1698 1295 1741 radii
1326 1698 1402 1742 isti
1434 1699 1718 1743 scaturiunt:
1752 1698 1835 1743 sed
1865 1699 1960 1743 noli

386 1771 586 1823 credere,
609 1769 734 1826 quod
755 1783 850 1811 non
870 1767 988 1810 radii
1012 1768 1104 1811 sint
1125 1767 1271 1811 reales
1297 1767 1681 1824 continuationes,
1703 1781 1784 1811 seu
1805 1781 1960 1812 essen-

386 1840 519 1883 tiales
561 1837 997 1881 determinationes:
1045 1835 1170 1892 quod
1205 1850 1287 1892 per
1323 1836 1460 1879 inane
1497 1850 1578 1879 seu
1614 1850 1812 1880 vacuum
1846 1836 1961 1880 nihil

388 1907 644 1953 continuari
680 1914 832 1963 queat,
869 1905 968 1962 ipse
1005 1918 1168 1947 sensus
1209 1905 1466 1948 communis
1508 1905 1681 1949 dictat:
1732 1905 1814 1949 sed
1854 1914 1961 1949 sunt

387 1977 699 2034 exiguissimae
720 1983 799 2018 aut
827 1974 1086 2031 purissimae
1116 1973 1291 2027 formae,
1315 1988 1418 2030 quae
1447 1974 1705 2018 activitates
1734 1988 1816 2018 seu
1841 1974 1960 2019 vires

392 2047 511 2092 Solis
531 2045 707 2089 activas
730 2043 965 2087 discretim
981 2042 1226 2098 recipiunt,
1243 2042 1283 2085 ἃ
1299 2056 1445 2099 usque
1461 2042 1522 2085 ad
1537 2042 1724 2086 ultimos
1744 2043 1962 2087 Universi

388 2116 610 2160 terminos
625 2113 847 2157 deferunt.
894 2113 985 2154 Hae
1003 2111 1213 2154 formulae
1230 2125 1310 2155 seu
1329 2111 1612 2167 substantiae,
1630 2111 1766 2154 simul
1782 2120 1961 2166 sumtae,

391 2183 676 2228 constituunt
690 2182 863 2224 Auram
882 2180 1022 2232 illam,
1038 2193 1142 2236 quae
1159 2179 1327 2222 dicitur
1341 2180 1531 2232 AEther;
1554 2180 1595 2223 δε
1608 2194 1663 2224 ex
1676 2180 1962 2224 elasticitatis

393 2267 489 2296 suae
526 2249 862 2308 perfectissima
893 2249 1058 2292 virtute
1090 2248 1138 2291 id
1168 2249 1368 2304 trahunt,
1400 2248 1525 2306 quod
1557 2263 1660 2292 cum
1690 2249 1854 2294 vicinis
1885 2258 1964 2294 aut

394 2320 622 2376 contiguis
653 2318 998 2362 communicent
1029 2330 1352 2374 quamcunque
1382 2317 1477 2360 vim
1506 2317 1744 2374 recipiunt,
1766 2318 1883 2362 adeo
1914 2327 1964 2363 ut

394 2389 510 2432 nihil
529 2395 771 2444 acceptum
786 2386 983 2442 perdant
999 2401 1010 2438 3
1042 2399 1099 2429 ea
1114 2386 1239 2429 enim
1255 2394 1324 2429 est
1341 2399 1466 2442 purae
1483 2385 1768 2430 elasticitatis
1785 2394 1962 2430 natura.

398 2460 489 2501 Hae
517 2457 747 2514 potentiae,
770 2455 879 2512 quia
907 2455 966 2498 ab
994 2454 1138 2511 ipsius
1171 2455 1291 2499 Solis
1320 2454 1603 2510 substantiis,
1625 2469 1728 2512 quae
1756 2455 1881 2512 quod
1909 2469 1965 2500 ex

395 2540 567 2582 magno
602 2525 701 2581 ejus
740 2526 931 2568 Oceano
961 2524 1188 2567 exhalatae
1218 2523 1397 2579 fuerint,
1428 2538 1566 2581 supra
1597 2524 1850 2568 indicatum
1881 2533 1966 2578 est,

398 2603 582 2648 exortae,
599 2608 693 2637 non
709 2601 903 2650 possunt
919 2607 1013 2636 non
1029 2607 1215 2649 prorsus
1237 2592 1298 2636 ad
1319 2593 1417 2649 ejus
1438 2592 1685 2636 activitatis
1701 2593 1866 2636 modos
1888 2601 1967 2636 aut

398 2665 614 2717 rationes,
656 2676 792 2718 agere
833 2662 944 2705 dum
988 2669 1216 2717 aguntur;
1266 2676 1408 2718 quare
1449 2669 1556 2705 sunt
1594 2661 1734 2705 veluti
1773 2661 1968 2705 minima

399 2732 601 2790 specula,
624 2730 665 2774 &
686 2730 810 2774 velut
838 2730 1140 2786 receptacula,
1163 2730 1261 2786 ejus
1290 2730 1467 2786 virium,
1490 2744 1596 2774 cum
1621 2737 1894 2782 actuantur;
1925 2730 1968 2773 δι

400 2806 466 2850 sic
494 2818 601 2848 eum
627 2802 675 2845 in
706 2817 769 2857 se,
792 2802 903 2844 dum
933 2802 980 2844 in
1013 2802 1107 2844 suis
1138 2802 1310 2857 formis,
1332 2816 1425 2846 non
1456 2802 1596 2845 modo
1626 2802 1864 2858 recipiunt,
1887 2802 1971 2846 sed

400 2875 557 2927 etiam,
573 2871 908 2929 propemodum
928 2872 1105 2927 absque
1126 2871 1232 2915 idea
1254 2871 1389 2928 spatii
1412 2871 1453 2914 &
1474 2871 1708 2927 temporis,
1729 2871 1790 2914 ad
1812 2871 1969 2915 oculos

401 2950 584 2986 nostros
607 2939 828 2984 deferunt.
894 2939 998 2983 Nisi
1020 2939 1145 2984 enim
1167 2940 1369 2984 actuales
1391 2939 1664 2983 substantiae
1689 2939 1854 2995 forent,
1875 2953 1970 2984 non
