2106 3450
391 304 473 351 150
629 293 858 340 CAPUT
893 296 1294 354 SECUNDUM,
1334 298 1578 343 SECTJO
1619 299 1714 344 [Π.

385 424 500 468 tam
527 412 828 469 humanum
857 417 904 469 &
930 418 1256 486 placabilem
1283 438 1340 472 se
1366 421 1523 473 nobis
1543 421 1766 489 praebet,
1787 426 1962 490 usq'ue

383 509 571 554 tamen
610 502 837 555 Amoris
881 505 1050 556 nostri
1095 505 1489 558 infensissimus
1529 507 1718 570 hostiS‚
1759 515 1855 569 est,
1895 524 1961 559 ac

384 587 571 639 odium
619 590 836 656 penitus
885 591 1109 642 insitum
1159 591 1352 658 ejicere
1409 609 1680 659 nusquam
1739 599 1958 659 potest;

383 674 534 724 vafer
558 682 655 736 est,
684 674 731 726 ἃ
758 676 827 726 ad
854 688 1074 727 ornnem
1103 676 1505 729 fraudationem
1533 678 1792 729 callidum
1819 678 1963 745 gerit

384 760 695 825 ingenium3
734 777 835 811 nec
881 762 1028 828 prius
1072 769 1168 813 aut
1211 763 1395 829 potius
1437 763 1587 830 cupit
1631 762 1679 813 &
1723 762 1959 826 molitur,

383 862 550 912 quam
585 854 645 897 ut
680 864 901 898 omnem
943 865 1101 898 suam
1142 848 1358 900 turbam
1399 850 1453 899 in
1494 850 1692 900 civicos
1726 857 1962 901 exacuat

384 938 581 993 motuS‚
622 949 856 998 eamque
900 933 1000 983 sub
1044 933 1213 998 signis
1252 935 1362 984 suis
1402 934 1712 985 ordinatam
1754 935 1809 985 in
1850 942 1960 986 tuae

384 1016 589 1067 Mentis
619 1016 824 1083 palatia
857 1018 1121 1079 effundat,
1148 1017 1197 1069 81
1232 1035 1331 1069 nos
1368 1019 1677 1086 Sapientias
1713 1019 1959 1087 Olympo

381 1109 478 1153 tuo
510 1102 690 1169 ejiciat
712 1122 723 1167 ;
766 1104 867 1170 ipsi
896 1104 1143 1168 cuniculi,
1170 1122 1267 1172 per
1292 1123 1428 1172 quos
1456 1123 1513 1156 se
1540 1106 1734 1157 inferre
1761 1114 1958 1174 potest,

381 1196 507 1239 sunt
534 1188 729 1255 plureS,
754 1205 891 1255 quos
912 1189 1028 1255 jam
1056 1207 1249 1241 omnes
1275 1192 1376 1242 tibi
1412 1191 1588 1259 digito
1625 1193 1923 1244 monstravi
1945 1207 1958 1253 ;

384 1275 481 1325 sed
516 1282 658 1337 sunt,
684 1275 823 1325 sicut
858 1275 1028 1342 probe
1068 1277 1226 1338 nosti,
1262 1277 1429 1327 modo
1463 1277 1579 1328 bini
1618 1294 1869 1328 accessu-s
1907 1277 1961 1329 in

383 1360 632 1411 Mentem
667 1367 835 1422 tuam,
873 1360 1079 1414 scilicet
1114 1379 1146 1412 a
1186 1363 1464 1429 superiori,
1501 1362 1548 1413 &
1585 1362 1655 1414 ab
1691 1362 1961 1426 inferiori;

383 1445 494 1497 Via
520 1446 765 1512 superior
791 1453 873 1497 est
899 1463 997 1512 per
1021 1446 1288 1498 Animam
1310 1447 1407 1514 (p),
1436 1447 1663 1515 ejusque
1697 1448 1926 1515 adytum
1949 1455 1981 1512 3,

380 1529 500 1581 haec
526 1548 680 1582 sacra
706 1538 803 1593 est,
826 1530 873 1582 &
900 1533 948 1582 ei
972 1549 1191 1599 prorsus
1217 1533 1493 1600 impervia,
1515 1532 1563 1589 ἃ
1592 1534 1817 1600 quidem
1844 1541 1960 1586 tam

383 1623 632 1684 angusta,
675 1624 735 1668 ut
779 1634 847 1668 ne
890 1609 1114 1684 quidem
1157 1619 1446 1674 minimum
1493 1619 1667 1685 digiti,
1709 1635 1807 1686 per
1845 1619 1961 1686 ejus

329 1752 334 1756 .
383 1709 613 1764 meatus,
641 1702 837 1753 inferre
871 1709 1050 1769 queat,
1079 1721 1207 1754 nam
1239 1705 1464 1770 grandis
1498 1722 1561 1755 ac
1594 1704 1793 1755 obesus
1829 1703 1962 1757 Cor-

443 1824 518 1881 (p)
555 1824 756 1880 Scilicet,
787 1826 867 1868 ubi
907 1825 1079 1869 Anima
1115 1834 1185 1870 est
1221 1826 1266 1869 in
1306 1827 1455 1870 forma
1492 1827 1576 1870 sua
1616 1827 1960 1883 supracaelesti;

381 1894 577 1950 proinde
607 1894 685 1937 ubi
717 1901 789 1938 est
821 1894 867 1936 in
901 1895 1139 1951 principiis
1176 1895 1497 1951 operationum
1533 1897 1605 1939 sui
1638 1896 1868 1952 Corporis,
1901 1896 1960 1940 de

382 1963 549 2019 quibus
564 1977 702 2019 supra
718 1978 726 2005 :
760 1964 886 2005 Nam
902 1965 1114 2019 Regnum
1130 1972 1340 2007 nostrum
1353 1964 1568 2007 Animale
1581 1964 1628 2007 in
1642 1971 1736 2008 tres
1752 1964 1958 2020 sphaeras

382 2031 598 2088 partitum
622 2039 706 2085 est,
729 2032 919 2091 scilicet,
937 2032 982 2074 in
1007 2033 1249 2088 Sphaeram
1274 2032 1620 2088 Principiorum,
1643 2033 1691 2076 in
1716 2033 1958 2090 Sphaeram

384 2102 654 2156 Causarum,
677 2101 718 2144 δε
741 2101 788 2143 in
813 2102 1056 2157 Sphaeram
1079 2102 1352 2146 Effectuum.
1418 2102 1754 2158 Principiorum
1776 2102 1959 2158 sphaera

382 2177 453 2213 est
475 2169 524 2211 in
545 2169 785 2225 supremis,
808 2169 887 2212 ubi
910 2170 1051 2213 etiam
1074 2179 1180 2214 sunt
1205 2170 1436 2227 Principia
1463 2170 1672 2214 omnium
1701 2170 1958 2226 Fibrarum,

383 2237 424 2280 δι
446 2237 493 2280 in
515 2251 565 2281 se
587 2229 935 2293 comprehendit
957 2238 1192 2294 Animam,
1208 2238 1287 2282 ubi
1310 2238 1358 2281 in
1378 2239 1528 2282 forma
1545 2252 1628 2282 sua
1644 2238 1959 2295 supracaelesti

381 2306 566 2360 residet,
581 2314 679 2350 turn
705 2308 914 2351 Mentem
935 2307 1313 2363 Intellectualem,
1330 2315 1381 2352 ut
1402 2307 1443 2351 &
1464 2307 1711 2359 Animum3
1741 2307 1816 2350 hae
1833 2307 1958 2352 enim

383 2376 471 2419 sibi
484 2385 644 2419 mutuo
661 2377 973 2420 subordinatae
987 2376 1212 2433 principia
1225 2384 1389 2432 gerunt
1405 2377 1610 2420 omnium
1624 2377 1958 2432 operationum,

382 2459 486 2503 quae
508 2446 556 2488 in
578 2446 866 2490 inferioribus
890 2446 1082 2501 sphaeris
1104 2447 1316 2490 existunt.
1363 2447 1555 2502 Sphaera
1573 2447 1828 2497 Causarum
1850 2445 1958 2490 inde

381 2515 660 2572 producitur,
679 2529 874 2572 quarum
898 2515 1176 2571 Complexus
1192 2523 1262 2559 est
1286 2515 1548 2570 Cerebrum,
1566 2514 1833 2570 cumprimis
1857 2515 1957 2559 Me-

383 2582 571 2637 dullare,
599 2596 705 2625 cum
739 2583 990 2638 Cerebello,
1021 2582 1230 2626 Medulla
1263 2582 1528 2638 Oblongata
1559 2583 1600 2626 δε
1634 2582 1825 2638 Spinali,
1853 2596 1958 2639 quae

383 2651 488 2695 ideo
523 2666 605 2708 per
642 2652 765 2695 Ossa
802 2652 843 2695 δε
873 2651 1149 2706 Vertebras,
1171 2652 1290 2696 sicut
1324 2666 1406 2709 per
1438 2652 1626 2706 Maenia,
1658 2659 1872 2708 separata
1901 2665 1957 2696 ac

383 2720 704 2764 disterminata
729 2728 799 2764 est
829 2735 857 2763 a
890 2720 1083 2777 Sphaera
1114 2720 1299 2773 infimam
1332 2721 1434 2764 haec
1465 2734 1545 2784 seu
1579 2720 1772 2776 Sphaera
1804 2719 1956 2764 Effec-

382 2797 526 2843 tuum,
555 2796 627 2833 est
657 2803 796 2833 omne
827 2789 1068 2846 reliquum,
1096 2789 1222 2846 quod
1251 2789 1435 2846 proprie
1468 2790 1646 2844 Corpus
1677 2789 1818 2843 audit,
1849 2802 1958 2833 cum

384 2858 478 2901 suis
502 2858 716 2914 Organis,
739 2858 1019 2912 Visceribus,
1037 2859 1241 2902 Artubus
1265 2858 1306 2901 δε
1328 2857 1475 2902 Toris.
1535 2858 1727 2900 Prorsus
1749 2857 1958 2902 similiter

383 2940 438 2970 ac
468 2927 515 2969 in
545 2927 807 2979 Universo3
839 2927 887 2969 in
919 2941 1009 2983 quo
1041 2926 1182 2970 etiam
1212 2934 1305 2970 tres
1338 2926 1543 2983 Sphaerae
1574 2925 1756 2982 dantur,
1779 2927 1955 2972 scilicet

385 2995 736 3052 Principiorum,
757 2996 1028 3052 Causarum,
1051 2996 1092 3040 δε
1115 2995 1389 3040 Effectuum.
