2106 3450
521 246 620 290 DE
671 246 740 290 VI
745 246 947 292 VARJO
987 249 1332 295 PARADJSI.
1659 264 1715 308 39

132 367 338 430 Mente,
357 375 486 420 ante
512 369 748 437 origines
774 370 1058 440 originum,
1075 389 1170 423 seu
1198 379 1330 424 ante
1355 379 1537 425 ortum
1569 374 1712 427 Solis

98 477 112 492 ·
135 455 184 508 &
228 454 497 522 Siderum,
534 458 620 509 cui
661 475 772 510 non
808 460 988 526 potuit
1024 477 1147 522 non,
1184 468 1299 512 tam
1337 462 1713 515 universaliter

131 558 299 609 quam
325 543 781 611 ‘singularissime,
823 545 985 597 simul
1036 546 1084 597 &
1136 548 1190 597 in
1241 564 1350 598 uno
1399 548 1709 615 complexu,

133 635 195 680 ut
235 646 474 697 praesens
516 631 692 682 inesse
736 631 784 683 &
829 632 1035 695 adesse,
1082 649 1190 683 non
1232 633 1410 684 solum
1453 634 1709 702 quicquid

133 713 337 767 Solaris
388 716 646 779 MunduS,
697 717 794 768 sed
846 719 1013 769 etiam
1065 719 1325 786 quicquid
1380 720 1709 772 Universum

130 801 520 866 universorum,
547 802 595 854 &
627 803 836 856 Caelum
872 803 1145 868 caelorum,
1174 822 1247 856 ex
1288 799 1405 856 ovis
1439 807 1565 869 suiS,
1592 824 1711 858 suc-

130 887 348 952 cessive,
366 888 575 957 absque
601 891 750 941 omni
779 889 827 940 ἃ
854 891 1082 942 minimo
1110 908 1267 943 casus
1295 909 1486 955 errore,
1516 893 1709 945 educe-

129 972 338 1039 rent(t).
417 974 556 1026 Haec
599 975 770 1027 altera
809 984 926 1027 erat
969 976 1022 1027 in
1069 994 1211 1028 novo
1255 977 1421 1030 Orbis
1463 978 1709 1030 Theatro

130 1059 323 1124 Scena,
351 1067 436 1112 tot
469 1061 676 1113 festivis
712 1061 761 1113 &
797 1063 1194 1129 campestribus
1220 1064 1539 1115 Viventium
1566 1064 1708 1116 ludis

127 1145 506 1199 condecorata.

184 1279 247 1336 (t)
273 1280 526 1337 Cujusdam
543 1281 800 1325 Creationis
818 1281 972 1325 ideam
988 1281 1036 1324 in
1052 1282 1262 1338 ipsismet
1279 1282 1448 1327 nostris
1469 1284 1706 1329 Mentibus

126 1358 506 1407 repraesentatam
522 1350 633 1394 satis
650 1350 892 1407 perspicue
907 1351 1209 1407 contemplari
1223 1366 1485 1408 possumus:
1522 1354 1706 1398 Mentes

126 1419 252 1464 enim
272 1426 443 1463 nostrae
464 1419 552 1462 sibi
574 1419 775 1476 primum
796 1427 1129 1476 repraesentant
1155 1420 1284 1475 fines,
1307 1421 1384 1478 qui
1413 1429 1519 1465 sunt
1548 1435 1707 1466 eorum

125 1487 289 1544 primae
319 1487 362 1531 &
390 1487 566 1531 ultimae
595 1495 745 1543 metae,
777 1488 839 1531 ad
869 1501 984 1544 quas
1017 1488 1283 1534 collimant:
1324 1504 1432 1533 mox
1462 1490 1707 1536 intendunt

126 1556 293 1601 mediis
322 1570 404 1601 seu
431 1557 598 1613 causis,
620 1571 725 1614 quae
755 1557 843 1600 sibi
872 1565 1033 1601 mutuo
1063 1558 1376 1602 subordinatae
1403 1569 1706 1616 promoveant

127 1624 244 1670 fines
265 1639 348 1682 per
372 1625 577 1681 effectus,
598 1634 648 1669 ut
676 1626 875 1670 existant
902 1640 1013 1670 usus
1034 1643 1044 1679 3
1077 1641 1169 1684 qua
1196 1628 1375 1672 ratione
1402 1629 1542 1672 etiam
1571 1630 1704 1686 quasi

128 1694 233 1738 Ova
258 1694 528 1750 formantur,
550 1708 655 1752 quae
682 1709 711 1738 a
743 1696 903 1739 Mente
934 1695 1153 1751 animata,
1177 1696 1218 1740 &
1248 1710 1331 1753 per
1360 1711 1566 1741 amorem
1597 1698 1701 1743 finis

124 1771 365 1820 concepta,
385 1777 493 1807 mox
513 1764 655 1808 etiam
675 1764 774 1807 fota
795 1765 836 1808 δε
865 1765 1063 1820 exclusa,
1084 1766 1345 1822 producunt
1373 1767 1536 1811 vitales
1561 1767 1700 1812 foetus

123 1839 369 1890 praeceptae
390 1832 509 1877 ideae
530 1833 791 1877 conformes
813 1849 821 1876 :
854 1834 903 1876 in
924 1834 1089 1891 quibus
1109 1843 1314 1892 apparet,
1331 1837 1456 1892 quod
1478 1836 1565 1893 ipsi
1587 1837 1701 1881 fines

125 1902 168 1947 δε
187 1916 298 1946 usus
319 1916 348 1945 a
369 1902 520 1946 causis
542 1902 583 1946 &
603 1903 770 1947 mediis
788 1903 834 1946 in
851 1903 1001 1960 prima
1023 1917 1107 1946 sua
1127 1904 1304 1960 origine
1324 1919 1510 1962 prorsus
1533 1906 1702 1950 diversi

119 1971 302 2027 fuerint,
319 1971 360 2016 &
381 1971 428 2014 in
449 1979 604 2016 mente
621 1980 888 2028 praesentes,
905 1980 1140 2030 utcunque
1158 1974 1245 2017 sibi
1263 1982 1423 2018 mutuo
1446 1975 1702 2019 succedunt

122 2040 428 2085 mediationes
465 2054 547 2084 seu
583 2055 827 2084 causarum
864 2042 1018 2098 series,
1054 2056 1159 2099 quae
1197 2043 1238 2086 δε
1274 2043 1388 2099 ipsae
1423 2051 1530 2088 ante
1567 2058 1701 2087 suum

122 2117 288 2166 ortum,
320 2109 469 2166 simul,
501 2110 542 2154 &
572 2110 620 2153 in
651 2125 744 2154 uno
777 2111 1032 2167 complexu,
1065 2112 1220 2156 eidem
1244 2103 1404 2157 'Menti
1435 2113 1697 2158 inexistunt.

125 2180 243 2223 Haec
279 2179 318 2223 si
353 2179 402 2222 in
440 2179 676 2223 Mentibus
713 2180 921 2225 obscuris
958 2181 999 2225 &
1035 2181 1309 2226 finitissimis
1328 2198 1340 2237 ;
1383 2183 1494 2240 quid
1524 2197 1619 2227 non
1651 2184 1697 2228 in

123 2250 286 2295 Mente
307 2248 481 2294 Divina
501 2249 543 2293 δε
567 2249 768 2295 Infinita.
