2106 3450
397 231 453 287 56
654 233 885 310 CAsPUT
919 196 1320 290 SECUNDUM,
1360 233 1602 277 SECTIO
1638 230 1706 277 II.

397 352 586 419 Magni
613 370 709 405 seu
731 354 898 421 ipsius
928 354 1174 407 Caelestis
1200 362 1314 406 tam
1342 353 1411 406 ad
1436 355 1618 405 vivum
1647 353 1694 405 81
1716 368 1963 405 normam
2031 420 2033 422 q

396 437 731 489 delineatum
762 439 1248 506 deprehenderent,
1274 441 1329 491 in
1366 457 1529 507 quern
1564 440 1701 503 ide0‚
1728 438 1966 491 delecta-

396 523 546 575 tione
570 524 794 587 allectae,
822 542 880 576 se
901 533 1092 577 mutuo
1119 526 1439 587 invitabant,
1469 525 1516 576 &
1545 542 1699 576 sacro
1723 525 1963 598 quodam

398 609 504 660 ritu
527 626 590 660 ac
615 617 746 661 voto
772 627 896 660 eum
918 610 1318 677 inaugurabant
1332 629 1343 674 ;
1372 611 1426 661 id
1448 611 1614 662 etiam
1635 609 1968 676 gaudebant,

399 695 546 761 quod
568 695 830 746 unicuivis
853 696 1238 762 Intelligentiae
1259 713 1413 747 suam
1435 696 1793 762 assignaverit
1810 694 1966 762 quasi

399 781 610 845 aedem3
650 780 698 831 &
738 781 952 847 singula
992 778 1110 832 hae'c
1150 782 1203 832 in
1247 782 1785 848 repraesentationem
1832 778 1966 832 Caeli

397 866 593 917 siderei
641 867 891 917 ordinata
938 874 1053 917 tarn
1101 868 1344 933 speciose
1405 866 1732 933 disposuerit
1758 863 1854 933 (a),
1904 871 1966 916 ut

405 996 619 1052 Cerebro,
648 1004 891 1040 occurrunt
921 997 1164 1052 sphaerulae
1191 997 1459 1041 mirabiliter
1485 1005 1675 1053 gyratae,
1698 1009 1802 1054 quae
1827 995 1968 1052 vulgo

403 1064 648 1108 Glandulae
669 1066 907 1109 corticales
929 1066 1155 1121 dicuntur,
1177 1066 1269 1121 ubi,
1292 1066 1399 1122 quia
1418 1066 1546 1108 fibrae
1573 1065 1636 1108 ibi
1665 1064 1968 1109 terminantur

403 1134 444 1177 δι
473 1134 706 1189 inchoant,
730 1135 867 1177 Mens
895 1143 1067 1190 nostra,
1090 1135 1127 1178 si
1156 1149 1211 1178 ex
1237 1134 1474 1191 principiis
1502 1134 1708 1177 omnium
1734 1133 1968 1187 fibrarum,

402 1215 496 1244 non
518 1202 627 1244 alibi
649 1209 801 1257 potest
822 1216 984 1257 agere3
1006 1217 1115 1245 nam
1136 1203 1198 1245 ad
1218 1203 1334 1256 illas,
1350 1210 1399 1245 ut
1416 1203 1532 1246 fines
1549 1202 1749 1256 ultimos,
1762 1201 1968 1244 omnium

401 1285 587 1314 suorum
608 1285 826 1314 sensuum
847 1271 1012 1314 modos
1035 1271 1076 1315 δε
1097 1271 1251 1314 radios
1274 1271 1458 1314 deducit
1479 1270 1520 1313 δι
1539 1271 1724 1326 colligit,
1742 1270 1784 1314 &
1803 1269 1867 1314 ibi
1887 1282 1969 1314 eos

402 1340 448 1381 in
467 1339 720 1395 spatiosum
737 1339 1093 1396 interioremque
1109 1340 1417 1396 perceptionis
1431 1340 1778 1396 intellectusque
1797 1339 1968 1382 circum

403 1407 570 1451 emittit
589 1423 600 1460 ;
632 1422 794 1451 omnes
815 1408 940 1452 enim
961 1408 1102 1464 fibrae,
1125 1416 1350 1466 quotquot
1372 1416 1491 1464 sunt,
1513 1422 1568 1451 ex
1588 1408 1660 1451 his
1690 1406 1970 1451 Substantiis

403 1484 681 1519 enascuntur
714 1477 755 1520 &
790 1475 1134 1533 producuntur:
1177 1491 1318 1533 quare
1351 1477 1426 1520 hic
1458 1484 1665 1520 nostrum
1702 1475 1990 1524 Sensoriurnr

403 1559 649 1588 commune
671 1553 754 1601 est,
777 1546 970 1602 proinde
996 1547 1136 1590 etiam
1163 1553 1371 1589 nostrum
1402 1546 1628 1601 intimum,
1651 1559 1731 1588 seu
1761 1542 1969 1588 Intellec-

401 1614 583 1669 torium,
605 1614 730 1671 quod
760 1629 815 1657 ex
846 1615 1060 1658 sensibus
1092 1615 1185 1658 suis
1216 1615 1423 1672 percipit,
1446 1628 1500 1658 ex
1528 1614 1757 1671 perceptis
1783 1613 1970 1674 cogitat,

403 1696 458 1725 ex
473 1682 690 1737 cogitatis
706 1682 898 1738 judicat,
921 1696 975 1725 ex
997 1682 1214 1738 judicatis
1244 1683 1384 1738 eligit,
1407 1697 1461 1726 ex
1482 1683 1639 1726 electis
1661 1681 1906 1736 desiderat,
1928 1681 1970 1725 δι.

402 1749 592 1793 demum
617 1763 672 1792 ex
700 1749 986 1803 desideratis,
1008 1764 1113 1806 quae
1139 1750 1249 1804 vult,
1272 1751 1317 1792 in
1347 1758 1502 1793 actum
1531 1750 1836 1802 determinat3
1865 1749 1969 1793 heic

402 1818 557 1874 itaque
573 1826 643 1861 est
661 1832 877 1873 suprema
893 1819 1037 1861 nostri
1058 1819 1272 1875 Corporis
1291 1819 1498 1875 Sphaera,
1513 1819 1554 1862 &
1569 1826 1792 1875 tanquam
1811 1818 1969 1874 Olym-

402 1900 489 1942 pus
511 1900 591 1929 seu
611 1886 801 1940 Caelum,
816 1900 923 1928 nam
942 1886 1065 1941 inde,
1078 1894 1127 1929 ut
1140 1901 1168 1928 a
1184 1887 1377 1939 Centris,
1393 1901 1474 1930 seu
1488 1886 1660 1930 intimis
1675 1886 1717 1930 &
1730 1885 1970 1942 supremis,

403 1963 571 1999 caetera
590 1962 639 1997 ut
662 1955 708 1997 in
729 1955 1014 2011 peripheriis,
1037 1969 1117 1998 seu
1138 1955 1269 2008 infra,
1291 1955 1640 2011 prospiciuntur.
1694 1954 1830 2010 Quod
1853 1954 1969 1998 Sub-

406 2022 589 2066 stantiae
628 2023 716 2076 hae,
755 2023 1006 2066 Corticales
1049 2023 1199 2077 dictae,
1242 2023 1377 2066 simul
1417 2030 1594 2077 sumtae,
1635 2023 1724 2066 hoc
1760 2029 1970 2066 nostrum

407 2091 583 2134 Caelum
619 2091 915 2146 constituant,
948 2092 1086 2135 etiam
1120 2092 1167 2134 in
1202 2092 1304 2135 luce
1335 2091 1625 2148 experientiae
1655 2092 1855 2148 positum
1885 2099 1971 2146 est,

405 2160 495 2202 illis
509 2159 633 2203 enim
647 2159 836 2212 affectis,
847 2161 1060 2203 universa
1074 2160 1291 2204 fibrarum
1305 2160 1548 2216 appendix,
1561 2160 1609 2203 id
1621 2167 1705 2215 est,
1721 2160 1970 2204 Cerebrum

409 2229 690 2285 Corpusque,
722 2228 930 2285 afficitur,
961 2229 1336 2286 contabescitque
1353 2245 1365 2282 ;
1411 2228 1453 2272 &
1489 2228 1675 2285 quidem
1716 2228 1970 2272 secundum

408 2298 690 2354 ipsissimum
729 2298 923 2354 gradum
963 2298 1259 2354 modumque,
1288 2312 1383 2354 quo
1423 2298 1513 2341 illae
1547 2297 1818 2353 afficiuntur,
1850 2297 1971 2341 vires

409 2366 751 2421 imaginationis
782 2366 1051 2421 hebescunt,
1082 2366 1372 2421 cogitationis
1402 2365 1716 2421 languescunt,
1747 2365 1970 2409 memoria

409 2434 667 2488 marcescit,
699 2435 1103 2478 determinationes
1135 2434 1385 2478 voluntatis
1414 2434 1604 2490 haerent,
1635 2433 1863 2477 desideria
1891 2448 1970 2477 va-

411 2503 582 2558 cillant,
604 2503 645 2546 &
667 2504 954 2547 sensationes
977 2511 1256 2560 stupescunt.
1954 2494 1957 2497 ’

471 2570 534 2626 (a)
570 2572 707 2627 Quod
734 2573 975 2628 sphaerulae
1004 2573 1107 2628 illae,
1133 2572 1384 2616 Corticales
1414 2571 1564 2627 dictae,
1585 2585 1688 2628 quae
1716 2578 1821 2614 sunt
1847 2571 1970 2628 prin-

412 2639 533 2696 cipia
554 2639 789 2694 fibrarum,
803 2641 996 2696 proinde
1013 2641 1152 2685 etiam
1171 2640 1355 2684 Cerebri
1375 2639 1467 2682 late
1489 2639 1638 2694 sumti,
1656 2652 1737 2682 seu
1756 2637 1849 2681 una
1864 2652 1970 2682 cum

415 2708 668 2763 Cerebello,
702 2709 910 2752 Medulla
943 2708 1207 2764 Oblongata
1238 2709 1279 2752 δε
1312 2708 1500 2764 Spinali,
1528 2707 1759 2760 intellecti,
1785 2706 1850 2750 ita
1879 2707 1970 2751 dis-

410 2777 574 2833 positae
603 2776 645 2819 &
672 2777 718 2819 in
748 2778 893 2833 spiras
917 2778 1241 2821 circumductae
1263 2777 1367 2832 sint,
1388 2776 1481 2819 imo
1501 2776 1639 2820 etiam
1661 2776 1754 2818 suis
1777 2775 1972 2820 Circulis

411 2845 677 2902 majoribus,
713 2846 851 2901 Polis,
887 2847 928 2890 δε
963 2847 1154 2902 Axibus,
1187 2846 1436 2900 instructae,
1466 2852 1517 2888 ut
1547 2858 1731 2900 prorsus
1766 2844 1972 2900 Sphaerae

416 2914 622 2958 Caelestis
650 2914 846 2958 formam
868 2915 1150 2971 aemulentur,
1173 2915 1282 2958 alibi
1304 2915 1438 2958 datur
1456 2914 1584 2957 locus
1612 2913 1969 2959 demonstrandi.
