2106 3450
407 232 434 275 8
924 235 1108 280 PARS
1143 235 1481 294 SECUNDA,

477 367 571 420 91.-
602 354 741 407 Cum
781 354 1214 408 Adolescentula
1263 356 1347 408 his
1382 374 1567 409 aurem
1618 363 1968 425 mentemque

404 440 826 492 attentissimam
852 441 1124 507 adjiceret,
1148 441 1195 494 &
1222 460 1436 510 sparsos
1461 443 1748 495 verborum
1776 458 1966 494 sensus

405 525 460 575 in
504 542 689 589 unum,
728 528 1027 578 secundum
1073 522 1404 579 eminentem
1447 527 1681 580 naturali
1724 545 1835 579 non
1871 527 1966 580 ab·

404 610 640 662 similem
665 611 1027 679 copulationis
1055 614 1295 676 modum,
1328 613 1601 676 collectOS,
1629 613 1683 664 in
1710 630 1808 665 sua
1832 612 1967 675 luce,

403 696 543 747 sicut
585 697 704 764 ipsa
742 697 954 750 solebat
995 699 1186 762 dicere,
1227 700 1570 766 perspiceret,
1604 700 1744 750 circa
1784 698 1966 760 finem,

403 783 549 848 quod
578 784 986 849 repraesentatio
1007 783 1358 836 affectionum
1388 784 1592 835 Mentis
1616 785 1671 835 in
1693 783 1862 847 vultu,
1883 800 1967 835 es-

402 874 486 917 set
512 867 771 918 indicium
801 869 1138 935 Integritatis
1165 868 1212 919 &
1243 869 1594 930 Innocentiae,
1622 868 1965 935 aliquantum

403 953 731 1019 pensitando
770 953 942 1016 haesit,
988 955 1233 1004 nesciens
1279 953 1485 1015 adhue,
1506 953 1638 1020 quid
1680 961 1822 1004 esset
1861 970 1966 1004 non

403 1037 669 1104 integrum
688 1055 713 1097 ,·
752 1055 919 1105 quare
958 1038 1229 1089 submissa
1270 1055 1429 1105 prece
1471 1038 1711 1105 rogabat,
1735 1045 1810 1090 .ut
1855 1053 1965 1089 non

405 1124 743 1185 desisterent,
795 1123 911 1186 sibi,
963 1123 1296 1185 instruendo,
1348 1123 1540 1186 favere,
1593 1123 1641 1175 &
1701 1123 1756 1175 in
1809 1139 1966 1174 suam

403 1207 579 1258 lucem
607 1208 773 1258 etiam
799 1208 1108 1270 immittere,
1136 1209 1267 1274 quid
1308 1215 1463 1270 esset,
1493 1208 1541 1260 81
1579 1208 1739 1271 unde,
1776 1207 1969 1260 Status

401 1292 775 1358 Integritatis:
812 1291 914 1343 hac
941 1293 1460 1360 interrogatiuncula
1492 1310 1600 1344 non
1638 1309 1831 1360 parum
1869 1308 1966 1360 ga-

401 1378 517 1428 visa
545 1377 687 1428 Diva
716 1377 978 1440 Caelestis,
1003 1395 1074 1429 ex
1095 1394 1267 1445 nuper
1283 1378 1479 1441 relatiS,
1501 1379 1689 1445 inquit,
1710 1378 1765 1429 in
1791 1377 1968 1430 lucem

401 1470 555 1514 tuam
583 1463 867 1514 intravisse
893 1464 1019 1526 sci0,
1045 1463 1194 1530 quod
1227 1470 1336 1515 tres
1366 1463 1679 1515 Facultates
1717 1464 1772 1515 in
1810 1463 1968 1517 nobis

403 1548 504 1599 sibi
531 1555 723 1599 mutuo
750 1548 1061 1611 succedant,
1087 1565 1151 1599 ac
1178 1548 1232 1599 in
1259 1565 1317 1599 se
1344 1556 1536 1600 mutuo
1561 1556 1744 1616 agant,
1766 1548 1969 1600 scilicet

403 1632 624 1696 Anima,
660 1634 821 1684 Mens
859 1633 1241 1684 intellectualis
1280 1650 1403 1685 cum
1447 1635 1545 1685 sua
1583 1633 1882 1696 voluntate,
1917 1633 1966 1686 8ῑ

403 1718 642 1770 Animus
685 1736 780 1770 seu
824 1719 984 1770 Mens
1022 1719 1275 1770 inferior:
1314 1719 1362 1770 ἃ
1403 1719 1551 1786 quod
1586 1719 1836 1771 similiter
1858 1726 1967 1771 tres

405 1805 610 1855 Fontes
635 1804 780 1856 Vitae
807 1805 928 1867 sint,
958 1821 990 1855 a
1016 1805 1213 1870 quibus
1242 1804 1553 1856 Facultates
1577 1804 1709 1867 istae,
1737 1821 1830 1856 seu
1867 1804 1969 1856 Po-

402 1891 602 1952 tentiae,
650 1889 705 1940 in
753 1906 908 1940 suam
950 1890 1121 1940 vitam
1172 1890 1496 1951 excitantur,
1542 1906 1774 1957 quorum
1827 1906 1967 1941 unus

403 1975 656 2027 similiter
680 1975 795 2041 agit
821 1974 868 2026 &
896 1974 1072 2026 influit
1099 1975 1153 2024 in
1180 1974 1424 2036 alterum,
1452 1974 1501 2026 &
1530 1975 1605 2026 sic
1630 1974 1966 2042 conjunctim

404 2061 460 2121 in
501 2067 753 2111 naturam
797 2060 876 2110 tui
919 2059 1172 2110 Munduli
1216 2060 1490 2126 Corporei,
1521 2077 1695 2126 usque
1733 2060 1804 2112 ad
1849 2059 1967 2126 ejus

405 2153 691 2197 extrema:
729 2144 880 2196 Talis
916 2152 999 2196 est
1039 2144 1207 2207 Ordo,
1243 2161 1406 2211 quem
1448 2144 1746 2212 Supremus
1783 2151 1969 2196 noster

405 2231 475 2282 ab
501 2237 707 2281 aeterno
732 2230 1032 2297 prospexit,
1062 2229 1110 2281 &
1135 2230 1211 2280 sic
1236 2247 1266 2280 a
1293 2229 1468 2296 prima
1507 2230 1778 2281 creatione
1815 2230 1967 2282 insti-

404 2316 509 2367 tuit
530 2331 543 2378 ;
581 2314 629 2367 &
655 2314 824 2367 talem
852 2316 906 2366 in
933 2315 1029 2378 Te,
1059 2332 1183 2366 mea
1209 2315 1378 2367 Filia!
1419 2315 1653 2381 signavit
1677 2314 1725 2366 &
1752 2321 1966 2367 consta·

403 2401 592 2454 bilivit.
668 2402 787 2452 Nos
818 2400 1078 2452 Caelestes
1102 2400 1475 2467 Integrz‘tatem
1507 2417 1578 2451 ex
1609 2400 1729 2467 ipso
1758 2399 1968 2452 Ordine

404 2504 437 2538 a
462 2486 728 2553 supremis
755 2486 824 2536 ad
852 2485 1052 2548 infima,
1077 2492 1171 2537 aut
1195 2486 1240 2536 si
1268 2486 1455 2548 maviS,
1482 2486 1629 2552 quod
1657 2485 1859 2537 exinde
1884 2502 1968 2537 se·

403 2572 597 2639 quitur,
628 2570 698 2622 ab
725 2571 930 2622 intimis
956 2570 1025 2621 ad
1054 2571 1277 2632 extima,
1304 2571 1379 2621 sic
1405 2587 1437 2621 a
1462 2569 1874 2637 simplicissimis
1892 2569 1965 2621 ad

402 2653 596 2707 ultimo
635 2655 955 2721 composita,
990 2654 1337 2721 judicamus;
1383 2654 1547 2706 Visus
1590 2654 1735 2705 enim
1781 2660 1968 2706 noster

402 2757 512 2792 non
537 2739 705 2791 haeret
738 2740 792 2790 in
829 2739 1127 2806 superficie,
1154 2740 1249 2791 sed
1293 2746 1543 2806 penetrat
1587 2739 1640 2790 in
1680 2738 1966 2802 medullas,

402 2842 466 2877 ac
503 2825 745 2876 intuetur
781 2824 1166 2891 principiorum
1205 2824 1484 2891 principia,
1511 2822 1559 2875 81
1598 2823 1668 2875 ab
1701 2824 1765 2875 iis
1795 2824 1967 2875 conti-

402 2917 593 2963 nenter
617 2909 859 2977 sequitur
881 2908 1033 2960 filum
1058 2908 1129 2960 ad
1156 2908 1348 2961 ultima
1373 2915 1573 2971 textuS,
1596 2908 1725 2968 inde
1751 2908 1967 2960 bonita-
