2106 3450
389 271 442 303 10
888 261 1066 306 PARS
1105 262 1444 320 SECUNDA,

384 382 571 434 munio
596 383 724 436 vitae
751 382 800 435 &
827 391 1050 447 naturae,
1070 385 1170 436 nisi
1197 385 1392 437 iterum
1419 402 1517 453 per
1540 385 1708 438 talem
1735 386 1945 439 media-

383 468 608 521 tionem.
672 468 782 521 Sed
803 469 1095 536 spiritualis
1122 470 1338 521 inferior
1361 470 1480 522 haec
1504 471 1629 534 vita,
1650 488 1722 522 ex
1740 471 1944 539 proprii

383 553 584 604 amoris
620 553 668 605 &
707 554 944 606 ambitus
982 562 1156 618 aestro,
1185 556 1414 623 disrupit
1451 557 1738 624 copulam3
1774 573 1943 624 quare

377 638 496 706 jam
524 655 635 690 non
661 639 833 691 vitam
862 639 995 692 Caeli
1021 641 1117 691 sed
1145 649 1351 692 naturae
1377 642 1510 693 vivit
1532 659 1544 706 3
1583 642 1631 694 &
1657 658 1766 693 non
1793 658 1946 693 amo-

384 741 500 776 rem
527 724 623 776 sed
645 724 846 788 odium,
868 725 1096 792 proinde
1116 742 1225 776 non
1245 727 1502 778 unionem
1523 726 1619 778 sed
1639 727 1945 791 discidium,

383 810 554 878 spirat
573 825 586 872 ;
624 828 796 878 usque
819 818 1005 862 tamen
1031 827 1129 878 per
1151 828 1276 862 eum
1302 811 1480 863 Amor
1505 819 1689 863 noster
1717 812 1944 864 intrabit

384 902 636 947 naturam
663 896 860 947 Mundi
887 913 981 947 seu
1008 896 1178 947 nostri
1207 896 1474 963 Corporis
1495 897 1542 948 &
1561 914 1658 964 per
1683 897 1943 949 Divinam

383 997 540 1032 suam
567 982 888 1048 potentiam,
912 998 982 1032 ne
1007 981 1193 1032 omnia
1229 981 1431 1044 labent,
1456 981 1732 1049 disruptos
1766 998 1944 1034 nexus

384 1073 660 1129 contexet,
706 1065 755 1117 ἃ
800 1066 1070 1116 Mundum
1112 1065 1181 1116 ad
1225 1065 1449 1129 Caelum,
1489 1066 1628 1118 sicut
1677 1066 1749 1118 ad
1787 1083 1942 1135 suam

383 1151 775 1213 continentem,
825 1151 1101 1202 revocabit
1123 1165 1134 1212 3
1198 1151 1346 1217 quod
1409 1158 1469 1202 ut
1525 1151 1634 1214 fiat,
1679 1151 1943 1214 inimicuS,

385 1236 600 1287 faederis
625 1234 871 1298 violator,
896 1235 967 1286 ab
989 1232 1201 1286 'Amore
1227 1241 1414 1286 nostro
1451 1236 1552 1288 sub
1585 1236 1780 1304 jugum
1818 1238 1945 1290 mit-

383 1321 582 1372 tendus
606 1328 704 1384 est,
723 1320 840 1387 ejus
860 1320 1066 1372 feroces
1087 1321 1324 1387 impetus
1344 1321 1644 1388 frangendi,
1665 1322 1947 1374 damnosae

384 1407 524 1458 vires
550 1406 896 1474 dissipandae,
913 1397 1027 1457 vita
1046 1406 1161 1473 ejus
1179 1406 1415 1457 exitialis
1432 1407 1592 1458 morti
1610 1407 1944 1471 devovenda,

385 1491 434 1543 &
461 1492 538 1544 sic
564 1508 753 1543 omnes
779 1491 895 1558 ejus
922 1498 1075 1543 actus
1102 1491 1242 1543 intra
1262 1492 1435 1543 solam
1456 1499 1750 1544 conatuum
1771 1491 1947 1560 sphae-

385 1594 502 1628 ram
528 1577 825 1640 coercendi,
856 1576 904 1628 8ῑ
930 1576 1032 1628 hac
1057 1578 1266 1628 ratione
1291 1576 1362 1628 ad
1389 1571 1752 1644 injuncta'sibi
1768 1577 1946 1630 officia

382 1663 436 1713 vi
475 1662 792 1730 adigendus,
869 1662 978 1713 Hic
1014 1662 1130 1729 jam
1170 1669 1253 1714 est
1293 1662 1410 1729 ipse
1450 1662 1619 1726 Ordo,
1645 1663 1944 1715 secundum

384 1753 549 1815 quem
599 1765 632 1799 a
684 1748 952 1815 Supremo
1000 1748 1260 1799 transitur
1308 1748 1364 1799 in
1415 1755 1699 1800 naturam:
1755 1747 1945 1800 similis

384 1835 551 1890 etiam
580 1833 733 1886 Ordo
764 1840 965 1884 nostrae
997 1833 1124 1884 vitae
1162 1832 1513 1885 facultatibus
1551 1851 1646 1885 seu
1685 1835 1946 1902 potentiis

383 1920 673 1987 inscriptus
711 1925 825 1970 est:
863 1917 1072 1968 Anima
1097 1925 1282 1969 nostra
1307 1919 1378 1969 ab
1405 1919 1524 1986 ipso
1560 1918 1830 1986 Supremo
1866 1936 1947 1970 re-

383 2005 530 2073 gitur
558 2021 570 2068 ;
635 2004 793 2055 Mens
840 2001 1219 2054 intellectualis
1271 2020 1395 2054 cum
1445 2005 1544 2054 sua
1588 2004 1872 2056 voluntate
1913 2021 1947 2056 a

387 2088 888 2157 SupremiAmore3
914 2088 1153 2139 Animus
1171 2105 1299 2139 vero
1316 2088 1386 2140 ab
1402 2078 1588 2140 infimo
1612 2088 1717 2141 hoc
1741 2090 1947 2141 media-

385 2184 535 2228 tore:
572 2183 634 2227 ut
668 2176 853 2226 omnia
885 2174 1185 2226 secundum
1217 2173 1363 2226 hunc
1387 2175 1633 2226 ordinem
1658 2191 1692 2226 a
1718 2174 1947 2242 Sapien-

385 2263 596 2314 tissimo
623 2260 932 2312 institutum
958 2259 1149 2322 fluant,
1175 2259 1355 2310 Amor
1380 2259 1646 2326 Supremi,
1673 2260 1766 2327 qui
1805 2260 1946 2312 sicut

386 2348 440 2398 in
468 2364 566 2398 suo
594 2344 854 2412 OlympO,
882 2345 1049 2397 etiam
1080 2345 1135 2395 in
1174 2346 1372 2396 nostris
1412 2344 1703 2407 MentibuS,
1729 2345 1946 2409 residet,

386 2433 631 2484 omnium
658 2430 846 2481 finium
872 2447 969 2497 per
990 2429 1243 2496 Seipsum
1264 2437 1359 2481 aut
1384 2446 1481 2496 per
1497 2429 1760 2481 Animam
1789 2429 1946 2482 influ-

386 2518 595 2570 entium
619 2515 801 2566 media
827 2515 1096 2582 disponet,
1109 2532 1173 2566 ac
1192 2516 1304 2566 vita
1324 2516 1406 2566 sui
1421 2515 1644 2567 Amoris
1661 2515 1947 2583 inspirabit

388 2603 437 2655 &
469 2601 805 2669 adimplebit,
836 2617 1040 2668 perque
1072 2600 1355 2663 Animum,
1382 2617 1477 2652 seu
1517 2600 1632 2668 ejus
1671 2601 1948 2653 mediatri-

386 2705 505 2740 cem
531 2688 716 2748 vitam,
740 2686 900 2753 priuS,
927 2686 1067 2737 sicut
1093 2686 1362 2748 audivisti,
1384 2685 1733 2753 subjugatam
1759 2686 1806 2738 &
1826 2704 1945 2754 per·

386 2774 669 2834 domitam,
689 2770 878 2822 influet
904 2771 958 2821 in
979 2778 1230 2822 naturam
1259 2771 1426 2822 nostri
1454 2771 1723 2838 CorporiS‚
1742 2772 1947 2824 scilicet

385 2860 440 2909 in
463 2858 652 2909 Fibras
679 2855 728 2908 &
755 2871 939 2907 earum
969 2855 1249 2922 Spiritum,
1280 2856 1328 2908 &
1366 2856 1437 2907 ab
1475 2855 1579 2908 hoc
1618 2857 1674 2907 in
1714 2857 1946 2924 Sangui-

387 2960 526 3008 nem,
554 2944 609 2994 in
633 2958 864 3010 quorum
891 2948 1121 3008 utroque
1145 2949 1339 2994 natura
1365 2941 1420 2992 in
1446 2942 1779 2994 consortium
1817 2942 1945 2994 vitae
