2106 3450
424 265 494 307 28·
724 266 954 312 CAPUT
988 269 1287 326 PRIMUM,
1328 271 1573 316 SECTIO
1612 272 1706 316 III.

422 387 576 448 vireS‚
606 387 653 439 &
682 398 967 456 acceptam
995 391 1408 444 faecunditatem
1443 394 1496 444 in
1531 401 1615 445 tot
1650 394 1883 445 foetuum
1917 392 1999 445 in-

423 471 762 526 choamentis
790 479 1090 528 consumsit
1107 495 1118 542 ;
1160 495 1258 529 nec
1280 478 1396 545 jam
1424 479 1659 545 amplius
1687 496 1758 530 ex
1783 485 2000 530 suomet

424 561 703 610 communi
749 561 953 614 Ovario
997 580 1138 614 nova
1177 565 1387 615 semina
1428 564 1643 626 extulit,
1688 565 1784 616 sed
1831 565 2001 617 modo

423 645 695 697 seminata
735 665 808 698 ex
848 650 958 699 suis
993 650 1271 715 productis
1307 649 1355 700 &
1390 651 1659 716 vegetatis
1695 651 1914 718 recepit,
1949 649 2000 702 81

420 729 552 780 inde
602 733 904 798 primitivas
955 734 1221 801 imagines
1266 737 1640 787 resuscitavit:
1689 735 1806 802 jam
1851 735 1999 786 enim

426 814 647 867 Humus
677 817 724 868 &
752 819 920 869 Terra
946 818 1091 870 facta
1117 827 1201 870 est
1221 820 1317 886 (p).
1963 821 1966 824 ’

424 976 467 1020 &
493 978 553 1021 ab
584 978 673 1021 illis
705 978 866 1023 ordine
894 979 956 1022 ad
985 979 1149 1023 ultima
1180 994 1259 1024 seu
1291 980 1451 1023 infima
1481 980 1768 1037 procedunt3
1799 980 2004 1037 dumque

423 1045 487 1089 ibi
510 1060 633 1089 nova
655 1048 897 1091 statuerint
922 1048 1164 1105 principia,
1187 1049 1247 1090 ab
1279 1049 1367 1091 illis
1400 1049 1538 1092 simili
1570 1049 1731 1093 ordine
1761 1049 1823 1093 ad
1853 1049 2005 1106 prima

424 1129 503 1158 seu
527 1130 741 1172 suprema
762 1116 955 1160 redeunt
971 1133 982 1170 3
1005 1117 1121 1160 adeo
1138 1124 1187 1160 ut
1210 1116 1511 1171 descendant,
1526 1117 1567 1161 δε
1589 1132 1617 1160 a
1638 1117 1770 1161 novis
1793 1117 2003 1161 excitatis

423 1184 661 1241 principiis
693 1185 950 1229 ascendant
968 1201 979 1238 ;
1016 1186 1105 1229 hoc
1139 1194 1418 1242 constanter,
1450 1200 1544 1229 non
1576 1187 1726 1230 solum
1756 1187 1804 1229 in
1837 1187 2004 1242 Regno

423 1253 698 1309 Vegetabili,
721 1254 804 1297 sed
826 1254 967 1298 etiam
990 1254 1037 1296 in
1059 1255 1264 1297 Animali
1285 1270 1295 1307 ;
1328 1268 1432 1311 quae
1456 1256 1619 1311 Regna
1646 1255 1694 1298 in
1723 1255 2004 1299 communis-

423 1321 553 1363 simis
586 1335 635 1364 se
665 1336 851 1377 prorsus
883 1323 1085 1366 referunt
1113 1336 1168 1366 ac
1199 1323 1485 1367 aemulantur.
1550 1325 1731 1367 Natura
1751 1323 1876 1368 enim
1896 1330 2003 1380 post

425 1391 592 1445 Ovum,
612 1390 653 1433 δι
675 1391 735 1433 ab
760 1392 876 1444 Ovo,
893 1399 1065 1445 exorta,
1083 1391 1283 1447 primum
1305 1406 1544 1448 supremas
1567 1392 1609 1436 δε
1632 1391 2003 1448 simplicissimas

422 1459 639 1503 excitavit
672 1461 823 1503 Auras
861 1474 942 1504 seu
975 1461 1342 1518 Atmosphaeras,
1376 1469 1475 1505 tum
1509 1461 1702 1518 medias,
1737 1461 1779 1505 &
1814 1461 2004 1505 demum

422 1527 648 1583 ultimam,
671 1542 751 1571 seu
773 1529 973 1572 Aeream
995 1544 1004 1573 :
1038 1529 1138 1584 has,
1161 1543 1242 1573 seu
1264 1543 1423 1573 earum
1446 1529 1708 1573 individuas
1730 1528 1903 1574 formas
1924 1537 2005 1574 aut

424 1596 723 1650 substantias,
747 1611 851 1653 quae
882 1597 1001 1641 vires
1033 1598 1331 1642 activissimae
1364 1599 1462 1655 ejus
1496 1598 1715 1643 Universi
1747 1606 1868 1653 sunt,
1898 1612 2005 1642 cum

422 1665 662 1722 principiis
685 1666 882 1709 Telluris
904 1666 1031 1710 nulla
1056 1666 1290 1710 activitate
1319 1680 1375 1709 ex
1403 1681 1452 1710 se
1479 1668 1700 1723 praeditis,
1722 1667 2006 1711 mediatione

422 1733 657 1777 radiorum
680 1734 815 1789 Solis,
837 1735 1084 1791 copulavit,
1107 1749 1163 1779 ac
1185 1735 1248 1779 ita
1278 1749 1424 1778 novas
1454 1736 1668 1792 concepit
1693 1735 1879 1792 formas,
1901 1748 2006 1793 quae

424 1802 678 1846 seminibus
728 1803 919 1847 inclusae
969 1803 1198 1859 principia
1247 1811 1404 1847 essent
1449 1803 1737 1847 feracissima
1777 1817 2005 1847 novorum

422 1871 619 1915 foetuum
651 1885 731 1916 seu
763 1872 1147 1929 productionum;
1180 1872 1265 1915 sed
1295 1872 1380 1915 has
1413 1872 1608 1926 inverso,
1640 1887 1669 1916 a
1699 1886 1797 1928 suo,
1829 1873 2007 1928 ordine,

423 1941 631 1995 exclusit,
663 1941 837 1985 scilicet
867 1941 1068 1997 primum
1103 1941 1206 1984 illas
1241 1941 1553 1997 principiabat
1583 1941 1773 1997 formas,
1804 1955 1910 1998 quae
1941 1942 2004 1986 ab

423 2008 587 2052 ultima
617 2009 730 2052 aura
762 2018 1001 2065 conceptae
1031 2016 1202 2064 essent,
1223 2016 1322 2052 tum
1353 2022 1457 2064 quae
1488 2023 1516 2051 a
1546 2008 1715 2062 media,
1738 2009 1779 2052 ἃ
1812 2009 2002 2053 demum

425 2091 528 2134 quae
550 2093 578 2121 a
600 2078 815 2135 suprema
834 2094 842 2122 :
875 2093 967 2135 qua
988 2078 1179 2133 ratione,
1203 2077 1321 2121 sicut
1344 2091 1483 2134 supra
1510 2086 1818 2121 memoratum
1842 2086 1924 2133 est,
1947 2092 2004 2122 ex

422 2146 512 2191 hac
549 2147 734 2191 Tellure
769 2147 970 2204 primum
1000 2147 1251 2190 veniebant
1282 2146 1430 2201 floreS,
1463 2146 1760 2202 postmodum
1789 2146 2002 2202 virgulta,

424 2216 612 2260 demum
628 2217 829 2273 arbores,
845 2230 949 2273 quae
964 2216 1246 2272 perfectione
1262 2215 1303 2258 δι
1320 2215 1620 2259 diuturnitate
1635 2215 1814 2259 caeteris
1828 2215 2003 2272 priores

424 2293 590 2328 essent.
656 2286 728 2328 Ita
753 2286 933 2328 Natura
953 2299 982 2327 a
1003 2298 1086 2328 suo
1107 2284 1256 2340 primo
1277 2283 1338 2327 ad
1359 2283 1586 2339 ultimum,
1609 2283 1651 2327 &
1671 2297 1700 2327 a
1726 2297 1810 2327 suo
1840 2283 2004 2327 ultimo

424 2354 486 2397 ad
506 2354 722 2410 primum,
741 2367 986 2410 progressa
1008 2366 1124 2409 esse,
1147 2353 1189 2396 δε
1212 2352 1472 2395 Maximum
1495 2353 1685 2408 Gyrum,
1708 2351 2003 2408 sequentium

425 2423 645 2466 similium
667 2422 709 2466 &
737 2423 968 2466 minorum
1002 2422 1262 2478 Exemplar,
1286 2422 1556 2477 confecisse,
1579 2422 1758 2476 dicitur,
1780 2421 1858 2478 qui
1890 2434 2004 2478 quo·

424 2492 565 2535 modo
588 2491 867 2534 instauratus
890 2491 962 2545 sit,
984 2504 1040 2534 ex
1062 2491 1164 2547 ipsa
1186 2490 1301 2533 serie
1323 2490 1483 2534 elucet.
1549 2490 1687 2546 Quod
1709 2489 1871 2533 similis
1897 2503 2002 2546 pro-

423 2560 601 2615 gressio
637 2559 685 2602 in
723 2560 886 2615 Regno
922 2559 1125 2602 Animali
1155 2558 1306 2601 ubivis
1338 2558 1558 2612 obtineat,
1590 2572 1619 2601 a
1650 2557 1881 2602 continuis
1914 2557 2003 2601 illis

423 2629 563 2685 gyris,
586 2628 663 2684 qui
686 2628 733 2670 in
757 2628 1038 2684 Corporibus
1059 2635 1270 2683 regnant,
1292 2627 1334 2671 δε
1362 2640 1670 2683 communem,
1694 2627 1811 2670 sicut
1831 2635 2003 2686 partes,

425 2697 688 2751 conficiunt,
711 2697 955 2740 manifeste
977 2703 1180 2753 apparet.

487 2765 561 2822 (p)
582 2767 687 2822 Ipse
698 2765 819 2808 enim
836 2766 914 2809 Sol
925 2779 1010 2808 nec
1024 2765 1221 2821 amplius
1231 2764 1371 2807 radiis
1382 2764 1476 2807 suis
1487 2763 1743 2819 stringebat
1751 2762 2001 2819 Tellurem,

427 2835 510 2879 sed
531 2835 633 2877 loco
656 2833 767 2890 ejus,
789 2848 1085 2878 numerosum
1107 2834 1237 2876 illum
1265 2833 1430 2876 foetum
1450 2832 1770 2888 vegetabilem,
1793 2831 1872 2888 qui
1900 2831 2002 2887 ejus

427 2902 716 2960 superficiem
732 2902 833 2959 jam
854 2902 1104 2959 operiebat,
1127 2902 1174 2944 in
1197 2915 1334 2957 quem
1355 2900 1579 2957 tanquam
1599 2900 1647 2944 in
1668 2913 1840 2943 novam
1869 2912 2011 2954 suam⁴

425 2972 758 3030 posteritatem,
780 2971 899 3016 vires
923 2984 1031 3015 suas
1053 2970 1320 3027 impendere
1342 2969 1496 3026 coepit.
