2106 3450
403 210 483 254 128
637 210 867 255 CAPUT
903 210 1300 268 SECUNDUM,
1343 213 1588 258 SECTIO
1628 213 1721 258 III.

398 333 468 384 ad
505 333 683 399 ipsum
715 331 1014 395 Amorem;
1081 332 1181 384 Ille
1215 352 1272 385 se
1309 335 1659 387 manifestum
1697 335 1890 398 reddit,
1918 335 1968 388 ἃ

399 417 684 469 actualiter
727 418 908 485 prodit
952 434 1049 485 per
1101 419 1368 482 Calorem,
1413 421 1590 487 ipsum
1643 420 1759 487 ejus
1810 420 1968 472 Desi-

398 504 621 567 derium,
650 504 797 570 quod
825 503 1048 555 Amoris
1075 507 1394 557 continuum
1424 514 1521 569 est,
1543 523 1638 573 per
1662 505 1966 569 Ardorem;

399 607 566 657 quare
593 591 758 642 etiam
786 607 883 657 per
905 606 1066 641 voces
1093 599 1292 642 nostrae
1320 591 1566 659 loquelae,
1585 593 1763 659 ipsum
1791 590 1968 643 Amo-

401 693 514 727 rem
577 675 878 727 salutamus
930 675 977 726 &
1024 676 1392 743 significamus
1443 694 1539 744 per
1591 677 1799 744 Ignem,
1851 675 1968 743 ejus

403 761 777 828 Cupiditatem
819 778 916 828 per
957 761 1246 812 Fervorem
1289 770 1383 814 aut
1424 762 1732 813 Flammam
1755 780 1768 826 ;
1822 761 1969 828 ipsas

402 847 640 914 Nuptias
666 864 762 913 per
788 846 988 897 Taedas
1010 846 1057 897 &
1081 846 1250 897 Faces
1271 864 1283 910 ;
1320 864 1480 898 sensu
1501 848 1666 899 etiam
1691 848 1968 913 Corporeo

401 933 546 999 ipsas
568 932 682 998 ejus
706 932 936 982 Delitias
959 932 1012 982 in
1034 931 1212 982 calore
1233 933 1571 999 percipimus,
1627 933 1765 983 Haec
1783 933 1968 999 itaque

400 1026 528 1069 sunt
553 1017 900 1068 connubialia
918 1016 1063 1068 Vitae
1092 1015 1140 1067 &
1169 1018 1409 1079 Naturae,
1434 1018 1567 1070 Caeli
1597 1017 1645 1069 &
1674 1018 1884 1080 Mundi,
1913 1017 1968 1068 id

402 1111 498 1165 est,
524 1103 805 1168 utriusque
834 1102 1089 1164 Paradisi,
1116 1119 1214 1168 per
1238 1101 1519 1162 Amorem,
1550 1103 1806 1166 Foedera,
1835 1120 1969 1171 quo-

403 1205 520 1240 rum
550 1188 667 1238 Nos
696 1187 995 1254 Sapientiae
1019 1203 1206 1237 sumus
1235 1187 1471 1239 Obsides
1499 1187 1547 1238 &
1578 1187 1879 1254 HymeneS.

474 1273 554 1324 66.
598 1272 818 1323 Exhinc
854 1272 992 1322 sicut
1026 1272 1081 1322 in
1121 1271 1240 1322 luce
1281 1271 1487 1323 clarum
1521 1279 1618 1335 est,
1656 1274 1804 1340 quod
1839 1273 1970 1326 Vita

403 1359 689 1420 Naturam,
713 1358 766 1408 in
781 1357 870 1424 jus
890 1358 1146 1408 consortii
1168 1374 1369 1420 secum,
1389 1358 1676 1409 adsciverit
1699 1375 1710 1409 :
1748 1358 1969 1421 Verum,
2010 1374 2017 1382 ·

404 1444 764 1496 evolvendum
816 1451 913 1506 est,
957 1443 1086 1509 quia
1131 1442 1458 1509 complicata
1509 1450 1649 1506 sunt,
1693 1443 1972 1510 quomodo

403 1547 572 1581 unum
601 1528 778 1580 influit
817 1529 871 1579 in
912 1528 1160 1591 alterum,
1187 1546 1282 1579 seu
1322 1529 1497 1595 qualis
1534 1528 1683 1591 ordo,
1711 1528 1759 1580 &
1784 1528 1973 1596 quales

403 1616 702 1667 secundum
748 1614 1013 1666 Ordinem
1061 1614 1239 1680 Leges
1284 1621 1442 1677 sunt3
1497 1631 1624 1665 nam
1669 1613 1882 1681 Legum
1922 1613 1971 1666 &

399 1702 601 1768 jurium
642 1699 925 1761 Conditor,
952 1699 1086 1749 nihil
1122 1699 1222 1748 nisi
1259 1716 1424 1765 quam
1461 1716 1533 1750 ex
1569 1698 1972 1765 sapientissimo

404 1787 606 1848 ordine,
632 1787 761 1852 agit.
838 1784 1004 1851 Quod
1045 1801 1213 1835 unum
1254 1785 1307 1834 in
1343 1784 1572 1835 alterum
1613 1783 1818 1847 influat,
1853 1785 1973 1852 ipsa

407 1873 720 1924 Existentia
770 1870 978 1937 liquido
1029 1869 1283 1931 declarat,
1330 1887 1401 1920 ex
1451 1869 1552 1920 hac
1591 1869 1859 1935 judicium
1903 1870 1973 1921 de

337 2023 340 2025 ,
408 1957 774 2010 Subsistentia
812 1955 1096 2006 ferendum
1132 1961 1246 2017 est3
1299 1971 1425 2005 nam
1469 1955 1608 2006 sicut
1646 1955 1972 2016 exstitimUS,

404 2086 453 2127 F
450 2084 652 2141 rigoris,⁴
681 2082 764 2124 sed
795 2081 967 2125 Umbra
997 2086 1065 2124 est
1087 2081 1299 2137 privatio
1328 2081 1430 2137 ejus
1458 2081 1688 2136 Luminis,
1709 2080 1770 2124 ἓν
1796 2082 1974 2137 Frigus

403 2158 470 2195 est
480 2151 696 2208 privatio
717 2151 817 2207 ejus
842 2150 1022 2193 Caloris
1084 2149 1172 2191 Sol
1190 2161 1430 2205 nunquam
1442 2150 1678 2205 privatur
1693 2150 1894 2193 Lumine
1912 2149 1973 2193 ἃ*

409 2221 582 2275 Calore,
620 2220 703 2262 sed
737 2220 918 2276 Objecta
954 2219 1208 2273 terrestria,
1241 2219 1368 2274 quod
1393 2219 1568 2261 lumine
1601 2218 1662 2261 ἔφ’
1695 2219 1845 2262 calore
1875 2220 1974 2276 ejus

396 2289 643 2346 penetrari
662 2292 900 2344 nequeant,
922 2291 1024 2330 tum
1045 2288 1189 2329 etiam
1211 2287 1496 2329 Directiones
1514 2287 1614 2343 ejus
1631 2287 1908 2342 Radio-rum‚
1923 2287 1979 2330 id

406 2359 618 2414 efficiunt,
640 2357 747 2400 inde
779 2356 988 2399 Tenebrae
1015 2355 1076 2398 ἓν
1103 2356 1320 2411 Frigora.
1386 2356 1517 2410 Haec,
1538 2355 1726 2399 mutatis
1752 2354 1973 2411 formulis,

406 2427 471 2470 ita
493 2440 631 2470 sensu
654 2425 877 2482 spirituali
895 2433 1061 2467 sonant
1077 2439 1086 2467 ε
1118 2425 1249 2467 Deus
1264 2429 1331 2467 est
1345 2425 1472 2467 Fons
1485 2425 1635 2467 omnis
1649 2423 1976 2481 Intellzjgentioe

406 2509 461 2538 a(
479 2496 672 2538 Amoris
692 2496 744 2537 in
763 2509 846 2537 suo
870 2494 908 2537 C
906 2494 1004 2549 celo,
1025 2507 1104 2536 nec
1129 2498 1196 2536 est
1220 2507 1361 2536 causa
1380 2493 1666 2550 Inszpz'entiae
1686 2493 1747 2536 ἕν’
1765 2493 1973 2536 Inimici-

406 2565 495 2618 tiae,
512 2564 594 2606 sed
608 2563 642 2605 I
637 2564 869 2619 nspientia
884 2567 950 2605 est
959 2563 1177 2618 privatio
1194 2563 1320 2618 Ejus
1339 2562 1677 2618 Intelligentia’,
1691 2561 1751 2604 ἔφ’
1766 2561 1973 2604 Inimici-

407 2632 476 2674 tia
497 2636 564 2674 est
572 2631 790 2687 privatio
813 2631 938 2686 Ejus
957 2631 1152 2672 Amoris
1165 2645 1182 2672 .·
1231 2630 1360 2672 Deus
1381 2643 1622 2684 nunquam
1641 2629 1878 2685 privatur
1894 2629 1972 2672 In-

406 2699 664 2756 telligentia*
681 2699 740 2742 ἔφ’
755 2699 946 2754 Amore,
963 2713 1126 2741 verum
1143 2699 1324 2741 Mentes
1338 2698 1588 2751 Humanoe,
1601 2711 1704 2753 quoe
1723 2711 1752 2740 a
1772 2698 1974 2740 Lumine

406 2770 533 2826 Ejus
580 2767 906 2825 Intelligentioe
954 2767 1015 2810 ἔφ’
1055 2768 1223 2810 Radiis
1261 2767 1387 2823 Ejus
1425 2766 1620 2808 Amoris
1659 2767 1763 2823 regi
1797 2779 1845 2809 se
1881 2780 1974 2810 non

396 2839 667 2894 patiuntur,
686 2841 784 2878 tum
806 2836 1227 2878 Determinationes
1245 2835 1371 2891 Ejus
1390 2834 1660 2888 Radiorum,
1679 2835 1735 2876 id
1747 2839 1827 2889 est,
1851 2835 1973 2878 Veri-

406 2911 556 2950 tatum
578 2905 637 2951 &5
658 2905 946 2960 Bonitatum‚
969 2905 1024 2947 id
1038 2904 1252 2960 efficiunt,
1275 2903 1382 2946 inde
1400 2903 1688 2959 Inszpientioe
1708 2902 1768 2946 ὃν
1793 2902 1926 2947 Odia.
