2106 3450
431 259 532 304 DE
568 260 736 304 INFA
742 261 800 303 N
800 261 844 304 T
839 261 912 304 [Α
955 261 1140 304 PRIM
1140 261 1359 305 OGENI
1361 262 1403 305 T
1397 262 1437 307 I.
1663 262 1718 316 87

153 383 293 454 sicut
333 401 406 436 ex
450 384 643 434 intima
686 384 847 446 meta,
890 390 985 434 aut
1030 383 1248 446 CentrO,
1293 385 1478 435 omnia
1522 392 1721 435 caetera

151 468 524 536 contemplor;
571 485 697 520 nam
743 469 898 535 quasi
938 485 1036 535 per
1074 477 1394 520 transennas
1435 472 1717 537 perspicio,

83 608 92 616 ‚
153 555 301 621 quod
336 554 468 608 nihil
503 571 614 605 non
649 554 719 605 ad
757 552 1042 606 B'onitates
1076 572 1134 605 se
1168 555 1391 619 referat;
1428 555 1533 606 hoc
1568 573 1721 607 meus

154 640 484 702 IntellectuS,
502 640 792 703 VeritateS,
815 639 863 690 ἃ
886 657 1008 707 quae
1029 641 1098 691 ad
1119 639 1219 691 has
1246 640 1443 691 iterum
1469 642 1720 703 tendunt,

155 724 423 778 Scientias
450 725 498 776 &
527 725 929 793 Experientia5‚
948 726 1204 793 appellat.
1259 725 1369 778 Sed
1395 725 1513 777 haec
1537 728 1722 778 omnia

151 891 331 936 interno
351 906 489 936 sensu
509 893 735 949 potuisset
756 907 1050 950 cognoscere,
1071 893 1120 936 id
1145 893 1257 938 satis
1286 893 1523 938 evidenter
1551 908 1606 938 ex
1633 894 1721 938 for-

150 961 356 1005 matione
383 961 482 1018 ejus
514 962 702 1017 Mentis,
732 977 814 1018 per
840 962 966 1005 viam
993 976 1021 1005 a
1048 962 1189 1018 priori
1217 962 1277 1006 ad
1306 963 1575 1019 posteriora,
1598 963 1722 1019 cluit,

150 1042 300 1087 exque
337 1032 502 1086 causis,
539 1045 643 1089 quae
683 1032 730 1074 in
767 1046 852 1074 sua
892 1032 1009 1076 serie
1049 1040 1301 1089 sequuntur
1319 1048 1329 1085 ;
1376 1047 1487 1075 nam
1527 1046 1723 1089 quorum

154 1099 338 1144 Mentes
375 1100 419 1143 in
456 1101 629 1144 Amore
666 1101 866 1157 supremi
902 1101 1076 1156 vivunt,
1112 1115 1207 1145 non
1243 1102 1393 1144 solum
1428 1102 1602 1155 vident,
1639 1102 1722 1146 sed

150 1168 291 1212 etiam
324 1169 540 1226 sentiunt,
572 1170 669 1227 ejus
704 1170 970 1223 Bonitatum
1000 1170 1282 1225 affectiones,
1315 1171 1356 1213 δε
1387 1179 1724 1227 consequenter

153 1237 444 1282 Intellectum
465 1252 599 1281 suum
620 1239 945 1283 aVeritatibus
966 1239 1207 1295 perspicue
1224 1239 1531 1282 illuminatum
1550 1254 1558 1282 :
1580 1253 1723 1295 quare

151 1320 208 1351 ex
248 1321 385 1351 sensu
420 1307 639 1352 bonitatis
675 1308 772 1351 fluit
810 1309 1011 1364 cognitio
1048 1308 1254 1351 omnium
1289 1308 1563 1361 veri-tatum3
1610 1323 1722 1351 nam

149 1375 277 1432 quod
306 1390 391 1419 nos
418 1376 649 1420 Veritates
681 1391 763 1433 per
791 1377 1122 1433 experientiam
1156 1378 1386 1420 Sensuum
1418 1377 1459 1420 δε
1493 1377 1722 1421 Scientias

151 1445 429 1501 investigare
457 1453 710 1500 teneamur,
735 1453 806 1489 est
836 1447 984 1502 unice,
1009 1454 1059 1490 ut
1090 1460 1172 1503 per
1202 1446 1304 1488 illas
1336 1446 1536 1502 denique
1567 1446 1721 1502 explo-

150 1521 307 1557 rentur
338 1514 591 1569 Bonitates,
622 1528 703 1558 seu
735 1516 929 1570 Bonum,
962 1516 1099 1572 quale
1130 1515 1203 1571 sit,
1228 1529 1341 1557 num
1370 1516 1492 1558 Vere
1525 1516 1721 1571 Bonum,

149 1582 224 1625 vel
244 1590 518 1639 apparenter
538 1590 616 1626 aut
637 1582 751 1627 false
775 1585 973 1637 Bonum,
994 1598 1075 1627 seu
1100 1585 1281 1626 Malum
1303 1584 1389 1627 sub
1411 1584 1563 1639 specie
1588 1584 1721 1639 Boni,

151 1650 264 1707 quid
297 1651 479 1706 Melius,
510 1651 552 1695 δε
582 1652 769 1695 demum
800 1653 911 1709 quid
943 1652 1199 1709 Optimum,
1232 1653 1298 1696 sic
1329 1653 1621 1708 eligendum:
1659 1654 1720 1697 ob

148 1720 272 1764 hunc
302 1719 442 1764 finem
473 1721 630 1764 donati
661 1736 819 1765 sumus
855 1722 1095 1766 Intellectu
1112 1738 1124 1775 ;
1157 1730 1206 1766 at
1235 1736 1345 1766 vero
1372 1722 1450 1778 qui
1481 1723 1720 1767 Bonitates

149 1789 404 1846 superiores
427 1789 589 1833 intimo
612 1799 749 1834 sensu
771 1791 907 1848 capit,
925 1791 964 1834 is
986 1805 1079 1835 non
1103 1791 1358 1848 spatiosum
1380 1792 1508 1834 illum
1530 1792 1719 1848 indaga-

148 1858 287 1902 tionis
309 1872 538 1916 campum,
560 1873 641 1903 seu
661 1874 743 1917 per
763 1861 1000 1916 congeries
1021 1860 1281 1914 veritatum,
1303 1874 1581 1916 percurrere,
1604 1875 1719 1917 opus

147 1926 302 1983 habet,
330 1928 440 1984 quia
469 1936 539 1971 est
569 1928 617 1971 in
649 1929 912 1984 cognitione
943 1929 1088 1985 ipsius
1120 1928 1366 1982 Bonitatis,
1396 1942 1477 1972 seu
1509 1930 1640 1985 quasi
1672 1930 1721 1972 in

147 1996 285 2052 meta,
303 2011 330 2041 e
350 1997 442 2054 qua⁴
462 2005 611 2041 totum
631 2012 765 2042 suum
788 2012 1004 2056 campum
1019 1999 1113 2042 late
1130 1998 1495 2055 circumspicere,
1514 1999 1555 2042 ἃ
1576 1999 1721 2044 libere

147 2066 450 2123 contemplari
470 2075 645 2124 potest:
678 2068 922 2124 siquidem,
940 2076 989 2112 ut
1011 2069 1187 2112 dictum
1207 2076 1291 2123 est,
1310 2082 1471 2112 omnes
1487 2069 1719 2113 Veritates

149 2148 199 2179 se
223 2135 272 2178 in
304 2135 519 2180 Bonitate
550 2145 863 2193 concentrant,
885 2138 1079 2194 proinde
1108 2152 1138 2181 a
1167 2137 1377 2181 bonitate
1405 2145 1455 2181 ut
1485 2152 1514 2180 a
1545 2146 1719 2194 centro,

148 2203 281 2260 quasi
321 2203 369 2246 in
407 2204 704 2260 peripherias,
741 2219 791 2248 se
826 2206 1107 2261 expandunt.
1186 2206 1297 2249 Post
1336 2206 1492 2249 Status
1528 2206 1719 2249 humani

147 2271 470 2327 inversionem,
493 2273 551 2316 de
581 2274 673 2330 qua
697 2274 828 2330 infra,
850 2288 933 2331 per
962 2275 1159 2331 lapsum,
1180 2275 1283 2318 haec
1316 2274 1584 2318 Bonitatum
1616 2289 1719 2318 sen-

147 2340 282 2396 satio,
301 2355 395 2384 non
415 2342 564 2397 potuit
591 2356 700 2397 non,
723 2343 870 2399 qualis
891 2343 976 2387 fuit
1003 2343 1051 2385 in
1081 2343 1410 2399 Primogenito,
1433 2344 1688 2388 cessavisse
1708 2360 1718 2389 ε

146 2423 294 2466 usque
325 2417 483 2454 tamen
521 2411 682 2454 similis
725 2412 937 2455 sensibus
978 2412 1148 2455 nostris
1185 2412 1398 2467 externis,
1432 2426 1591 2456 verum
1624 2427 1719 2456 non

150 2479 419 2534 Bonitatum
443 2481 691 2523 Moralium
720 2481 761 2524 δε
792 2481 1120 2537 Spiritualium,
1144 2481 1225 2525 sed
1255 2482 1396 2524 modo
1427 2482 1720 2538 quarundam

151 2549 458 2604 Naturalium,
480 2550 802 2593 connascitur:
854 2550 992 2594 Auris
1023 2550 1162 2606 enim,
1191 2551 1485 2607 quantumvis
1517 2551 1718 2606 indocta,

149 2617 454 2674 apprehendit
485 2618 526 2662 δε
558 2619 786 2663 subsentit
816 2618 1184 2663 modulaminum
1214 2634 1443 2676 numeros,
1467 2627 1718 2664 concentus

149 2686 192 2731 δι
210 2687 370 2743 melos,
387 2701 498 2730 nam
518 2688 699 2732 animus
722 2689 844 2732 illico
868 2689 1194 2732 convenienter
1213 2689 1434 2734 afficitur:
1468 2690 1641 2733 Oculus
1663 2704 1719 2733 ex

149 2769 201 2800 se
223 2755 536 2801 formositates
564 2765 755 2811 naturae,
777 2758 819 2801 δε
845 2771 1078 2801 connexus
1100 2772 1251 2802 rerum
1272 2759 1556 2815 objectarum
1577 2772 1718 2802 conn-

149 2824 311 2868 cinnos
332 2825 374 2869 &
394 2825 720 2870 harmonicos:
774 2826 952 2882 Lingua
981 2827 1184 2870 edulium
1215 2827 1256 2871 δε
1286 2827 1484 2871 nectaris
1514 2828 1717 2882 gratias:

151 2892 302 2936 Nares
323 2892 598 2950 fragrantias
618 2909 627 2937 ε
660 2895 721 2938 ab
741 2894 913 2937 Anima
934 2895 1071 2950 enim,
1093 2895 1154 2938 ad
1175 2909 1315 2952 quam
1337 2894 1486 2939 omnis
1515 2896 1719 2939 sensatio

150 2960 312 3017 influit,
333 2962 441 3019 quia
468 2962 547 3007 illa
577 2963 624 3007 in
655 2963 812 3008 omnia
840 2978 924 3021 per
950 2964 1090 3009 fibras
1118 2978 1225 3009 suas
1253 2965 1410 3021 effluit,
1433 2964 1481 3008 id
1512 2964 1716 3019 resultat,
