2106 3450
508 237 607 280 DE
651 237 832 282 ORTU
868 237 1347 285 PRIMOGENITI.
1660 250 1715 298 45

137 355 209 407 ad
245 371 467 407 ornnem
507 363 714 419 nutum,
753 374 913 426 suum
960 357 1254 424 complevit
1298 376 1448 425 opuS,
1491 358 1538 410 &
1591 376 1718 413 suas

138 442 295 509 quasi
331 441 664 509 peripherias
707 443 760 493 in
796 441 900 494 hoc
937 443 1134 505 Ovum,
1171 452 1231 494 ut
1274 445 1552 508 Centrum,
1590 462 1718 496 con-

139 528 336 592 duxit;
374 535 504 579 tunc
534 528 804 595 Suprema
833 529 993 579 Mens
1026 529 1072 579 ei
1110 529 1329 580 obviam
1365 529 1508 581 facta
1543 537 1639 591 est,
1668 530 1717 582 Sc

135 630 209 664 ex
237 630 308 674 se,
329 620 391 665 ut
417 613 739 680 ipsiusvitae
769 613 911 677 Sole,
936 615 1304 666 concentratis
1333 615 1511 678 radiiS,
1533 633 1718 682 super-

136 698 412 751 caelestem
439 700 693 767 concepit
727 699 975 764 formam,
1003 718 1097 751 seu
1134 701 1416 764 Animam,
1446 719 1570 768 quae
1603 702 1720 753 vita

136 792 294 848 esset,
339 803 404 837 ac
449 785 659 848 infiniti,
707 803 805 853 per
847 804 905 837 se
951 787 1251 849 Infinitum,
1296 804 1510 854 capax3
1578 787 1719 838 hanc

137 872 308 924 nobili
333 871 461 923 huic
486 871 742 923 thesauro
769 880 864 923 aut
891 873 1053 924 ovulo
1080 873 1281 925 infudit
1293 873 1385 942 (x).
1460 874 1586 925 Hoc
1612 874 1719 941 pri-

198 1015 262 1072 (x)
300 1017 422 1073 Quid
454 1016 496 1060 δι
524 1017 674 1074 qualis
706 1017 879 1060 Anima
913 1019 1147 1073 Humana,
1170 1032 1293 1073 aegre
1322 1033 1405 1075 per
1434 1018 1609 1062 nudam
1640 1019 1719 1062 de-

137 1086 436 1144 scriptionem
457 1086 714 1130 secundum
744 1086 870 1143 ipsas
899 1101 1036 1130 voces
1066 1095 1349 1143 perceptam,
1371 1087 1419 1130 in
1451 1088 1718 1131 Intellectus

135 1155 282 1199 nostri
298 1155 473 1212 primas
495 1155 623 1198 ideas
637 1156 808 1199 'cadere
824 1164 990 1212 potest,
1007 1169 1117 1198 nam
1131 1164 1201 1199 est
1217 1157 1436 1200 Essentia
1453 1157 1718 1213 spiritualis,

137 1222 180 1268 &
215 1222 320 1267 ideo
357 1223 584 1267 similibus
625 1223 849 1278 terminis,
885 1224 1052 1280 quibus
1089 1225 1302 1268 essentiae
1340 1226 1587 1281 naturales,
1623 1240 1720 1269 non

135 1290 272 1335 facile
293 1291 578 1348 significatur
599 1291 641 1334 δε
664 1291 931 1348 exprimitur
952 1307 961 1335 :
992 1299 1040 1335 at
1065 1293 1174 1348 quia
1202 1293 1412 1335 terminis
1442 1293 1483 1336 &
1511 1292 1720 1337 formulis

135 1360 207 1417 iis,
229 1368 280 1404 ut
299 1361 495 1416 auxiliis,
518 1361 707 1404 omnino
739 1361 964 1404 utendum
995 1369 1079 1416 est,
1103 1361 1220 1416 ideo,
1243 1369 1293 1405 ut
1323 1362 1615 1419 percipiatur,
1637 1377 1721 1419 per

138 1429 297 1473 dotem
338 1430 489 1486 ipsam
530 1428 902 1485 intellectualem,
939 1443 1044 1486 quae
1086 1431 1293 1486 superior
1329 1438 1412 1485 est,
1447 1432 1578 1487 quasi
1613 1432 1719 1475 sub-

135 1498 357 1542 limandae
379 1506 486 1542 sunt
507 1498 638 1554 ideae,
661 1498 702 1541 &
725 1499 1053 1543 abstrahendae
1075 1499 1290 1555 finitates,
1308 1513 1412 1556 quae
1433 1501 1719 1544 naturalibus

137 1569 308 1624 insunt,
330 1569 372 1613 δε
401 1568 467 1612 sic
497 1568 740 1612 facultates
773 1568 870 1624 ejus
902 1569 1124 1612 eminenti
1156 1569 1298 1612 modo
1332 1569 1420 1613 sibi
1451 1579 1720 1626 repraesent-

135 1638 304 1683 andae:
358 1638 605 1694 Quomodo
628 1645 784 1681 autem
813 1637 940 1680 notio
969 1638 1154 1680 Animae
1183 1638 1473 1694 aliquatenus
1503 1639 1722 1683 distincta

139 1707 291 1752 Menti
307 1715 479 1750 nostrae
497 1707 718 1750 insinuari
736 1714 890 1763 queat,
904 1706 951 1749 in
969 1707 1267 1763 sequentibus
1285 1707 1466 1751 tradere
1482 1708 1721 1761 constitui;

136 1776 247 1821 inde
267 1776 513 1831 constabit,
535 1775 661 1832 quod
680 1776 852 1818 Anima
874 1776 933 1819 sit
953 1775 1092 1819 unica
1116 1776 1336 1819 Essentia
1358 1776 1405 1818 in
1427 1785 1586 1820 nostro
1611 1778 1720 1820 Cor-

135 1859 262 1903 pore,
293 1859 397 1902 quae
431 1845 558 1900 vivit,
587 1844 705 1888 adeo
737 1852 787 1888 ut
817 1845 935 1887 Esse
965 1845 1007 1888 &
1047 1845 1209 1888 Vivere
1238 1853 1462 1900 nostrum,
1495 1846 1553 1890 sit
1584 1847 1720 1891 unius

134 1915 331 1970 Animae,
347 1915 389 1958 ἃ
402 1922 570 1958 caetera
587 1913 647 1957 ad
663 1921 876 1957 naturam
894 1914 1168 1970 pertineant,
1188 1928 1292 1971 quae
1309 1915 1464 1959 vivere
1486 1923 1720 1971 putantur,

135 1985 246 2043 quia
267 1999 323 2029 ex
342 1984 441 2041 ejus
462 1983 558 2027 vita
585 1991 812 2039 aguntur;
844 1997 986 2040 quare
1013 1991 1084 2027 est
1113 1984 1377 2028 substantia
1405 1985 1469 2028 ita
1497 1986 1649 2040 realis,
1670 1993 1721 2029 ut

135 2068 219 2112 per
231 2054 358 2098 illam
372 2053 413 2097 &
426 2066 482 2097 ex
497 2052 575 2095 illa
590 2052 797 2109 proxime
813 2052 1066 2096 existamus
1085 2052 1126 2095 ἃ
1144 2053 1468 2109 subsistamus,
1484 2053 1525 2096 ἃ
1542 2054 1721 2110 absque

135 2123 216 2167 illa
236 2136 332 2166 non
355 2122 562 2179 Corpora
583 2121 667 2166 sed
688 2120 866 2178 stipites
890 2121 1033 2165 simus
1052 2137 1063 2174 3
1096 2121 1290 2178 proinde
1317 2122 1443 2178 quod
1472 2122 1588 2165 nihil
1614 2137 1721 2167 vere

136 2191 442 2237 substantiale
479 2190 538 2234 sit
574 2190 622 2233 in
650 2190 767 2233 vivis
801 2190 1099 2247 Corporibus,
1131 2205 1272 2247 quam
1302 2191 1490 2247 Anima,
1523 2191 1564 2234 &
1596 2192 1722 2249 quod

136 2269 318 2317 caetera‚
338 2268 390 2304 ut
410 2259 684 2314 accessoria,
706 2259 755 2302 in
783 2259 881 2316 ejus
909 2259 1121 2315 gratiam,
1144 2260 1325 2303 adscita
1357 2261 1476 2313 sint3
1509 2269 1558 2304 ut
1591 2262 1722 2317 fines,

135 2330 452 2375 admiculante
472 2328 651 2383 natura,
667 2342 750 2384 per
771 2328 961 2371 effectus
982 2336 1355 2385 promoveantur,
1370 2343 1425 2372 ac
1443 2329 1490 2371 in
1506 2329 1722 2373 universa

135 2399 215 2443 illa
236 2399 483 2444 effectuum
504 2411 585 2441 seu
608 2410 853 2440 causarum
874 2396 1005 2451 serie,
1021 2397 1228 2440 continui
1250 2398 1564 2453 producantur
1586 2413 1720 2453 usus3

135 2483 248 2512 nam
269 2467 510 2512 sublimior
529 2466 625 2514 vita
646 2473 715 2509 est
741 2465 1065 2523 Intelligentia‚
1088 2480 1142 2509 ac
1168 2466 1492 2522 Intelligentiae
1519 2476 1604 2523 est,
1626 2482 1722 2511 non

136 2538 227 2582 nisi
243 2550 384 2594 quam
402 2535 567 2580 intueri
584 2535 714 2590 fines,
730 2534 771 2578 &
787 2549 869 2591 per
885 2542 1062 2577 naturae
1078 2535 1235 2578 media
1251 2535 1498 2592 disponere
1515 2536 1720 2591 effectus,

136 2606 215 2665 qui
253 2607 382 2650 Usus
418 2605 646 2659 dicuntur,
677 2611 906 2660 quatenus
937 2603 999 2646 ad
1030 2603 1170 2647 finem
1202 2606 1581 2662 consequendum
1614 2619 1723 2648 con-

136 2677 327 2733 spirant.
371 2676 459 2718 Per
473 2675 624 2718 levem
640 2672 936 2717 reflexionem
952 2673 1014 2715 ad
1031 2673 1324 2729 operationes
1342 2682 1514 2718 nostrae
1534 2675 1722 2728 Mentis,

137 2745 250 2790 satis
286 2745 408 2789 clare
440 2742 730 2801 perspicitur,
752 2741 879 2798 quod
907 2741 1086 2797 intueri,
1109 2742 1367 2799 disponere,
1391 2743 1432 2787 δε
1460 2744 1723 2800 prospicere

138 2815 268 2870 fines,
294 2814 353 2858 sit
379 2826 566 2871 prorsus
596 2812 830 2855 diversum
857 2825 887 2854 a
915 2811 1068 2855 causis
1097 2811 1139 2855 δε
1167 2812 1423 2868 effectibus,
1452 2813 1530 2869 qui
1560 2813 1722 2869 adjun-

135 2892 318 2941 guntur,
340 2891 390 2927 ut
412 2882 517 2925 finis
538 2895 621 2938 per
641 2880 940 2924 intermedios
963 2879 1092 2935 fines,
1116 2881 1237 2925 sicut
1257 2895 1412 2926 causae
1435 2895 1517 2939 per
1543 2882 1722 2926 medias

136 2967 318 3010 causas,
339 2952 573 3006 succedat,
598 2950 639 2994 &
659 2964 825 3010 gyrum
846 2963 982 2993 suum
1002 2950 1225 3006 perficiat.
