2106 3450
720 243 819 287 DE
859 244 1224 290 PARADJSO.
1709 258 1759 288 21

180 366 278 419 sed
306 366 473 419 etiam
501 365 746 434 singulos
772 366 952 429 foetuS,
972 383 1080 417 non
1102 384 1174 417 ex
1194 366 1315 430 alio,
1335 384 1500 434 quam
1523 385 1594 419 ex
1616 384 1765 419 corn-

179 454 332 505 muni
360 453 606 504 omnium
634 453 881 515 Parente,
911 459 1084 515 natOS,
1110 453 1374 504 enutriret
1402 453 1450 505 ἃ
1480 454 1766 517 educeret;

181 547 301 592 tum
329 541 496 592 etiam
523 546 583 591 ut
609 539 779 591 cuivis
806 557 878 590 ex
904 557 1005 591 suo
1031 540 1295 592 tribueret
1315 542 1535 592 vernale
1557 558 1733 592 aevum
1755 559 1766 605 ;

182 643 312 678 nam
351 626 486 678 nihil
523 643 634 677 non
674 643 748 678 ex
786 626 949 677 simili
986 626 1130 678 Vere
1169 626 1412 692 auspicia
1451 644 1549 678 sua
1588 626 1763 678 duxit.

179 711 428 780 Tempus
485 713 672 780 itaque
726 711 842 776 fuit,
890 728 1014 763 curn
1065 711 1422 779 Vegetabiles
1473 713 1640 764 foetus
1691 731 1764 764 ex

184 798 471 852 Seminum
489 816 710 850 suorum
728 797 902 850 thecis
923 798 1170 849 omnium
1188 798 1367 866 primo
1387 806 1734 865 erumperent
1754 816 1765 863 ;

181 900 419 951 cumque
445 884 565 951 ipsa
589 883 889 948 Animalia,
916 892 1032 936 tam
1066 901 1190 951 quae
1218 891 1415 935 natant
1443 884 1492 936 &
1517 883 1767 947 volitant,

181 986 350 1038 quam
401 987 526 1037 quae
576 976 776 1037 repunt
811 969 876 1038 r&
927 970 1268 1036 gradiuntur,
1309 987 1382 1021 ex
1426 970 1616 1038 primis
1658 970 1768 1022 suis

182 1056 349 1107 uteris
368 1057 595 1122 ovisque
615 1055 1009 1120 evolverentur,
1031 1056 1079 1108 &
1097 1057 1225 1108 dein
1243 1057 1592 1124 sapidissimo
1613 1056 1768 1117 lacte,

181 1158 255 1193 ex
282 1140 477 1193 florido
503 1159 786 1210 puerperae
806 1143 940 1204 sinu,
963 1149 1230 1210 tanquam
1256 1142 1438 1206 ubere,
1457 1150 1767 1204 emanante,

183 1227 472 1292 alerentur,
501 1228 550 1281 &
580 1246 752 1296 usque
780 1228 850 1279 ad
878 1228 1011 1280 illud
1038 1246 1232 1290 aevum,
1260 1229 1393 1280 dum
1420 1229 1557 1296 juris
1587 1237 1770 1281 essent

181 1314 536 1381 sibimetipsis
562 1315 887 1382 prospicere,
915 1314 1444 1381 perducerentur(k).
1507 1315 1647 1378 Hoc,
1667 1314 1768 1366 nisi

181 1398 407 1450 favisset
443 1400 623 1466 ipsum
665 1398 892 1460 Caelum,
930 1398 1296 1466 nequicquam
1331 1416 1458 1450 eum
1495 1399 1768 1462 effectum,

182 1486 278 1552 qui
305 1493 390 1536 tot
415 1484 753 1536 infinitorum
782 1484 1077 1536 effectuum
1106 1486 1303 1536 iterum
1335 1502 1499 1537 causa
1533 1485 1769 1536 efficiens

183 1571 341 1634 foret,
368 1578 837 1638 consequuturum
873 1570 1081 1634 fuisset,
1108 1556 1205 1622 sed
1244 1579 1424 1622 enatae
1455 1571 1685 1634 soboleS,
1716 1572 1769 1622 in

183 1658 362 1725 primo
413 1674 513 1710 suo
563 1664 702 1719 ortu,
745 1673 915 1708 novas
965 1674 1092 1708 suas
1141 1657 1354 1709 animas
1400 1657 1769 1710 exhalassent.

187 1743 324 1795 Ideo
346 1743 549 1795 Divina
571 1742 923 1794 Providentia
943 1743 1021 1794 ita
1043 1741 1280 1795 Ordines
1302 1759 1482 1794 rerum
1503 1743 1773 1811 disposuit

186 1829 236 1881 &
275 1829 494 1894 direxit,
521 1836 582 1881 ut
618 1829 886 1897 potentiae
924 1829 1066 1880 sicut
1103 1846 1285 1880 causae
1324 1829 1694 1893 succederent,
1724 1829 1773 1882 81

184 1915 256 1967 ad
298 1915 720 1983 perpetuandOS,
761 1932 901 1982 quos
941 1915 1321 1983 producerent,
1364 1915 1604 1979 effectUS,
1646 1933 1772 1967 con-

185 2002 425 2054 tinenter
443 2001 665 2068 junctae,
684 2017 744 2052 se
771 2007 965 2052 mutuo
992 2000 1466 2068 amplecterentur,
1492 2001 1540 2053 &
1560 2002 1772 2054 inirent.

264 2102 340 2156 19.
383 2087 571 2155 Quum
613 2087 804 2139 Tellus
845 2087 1084 2154 primum
1126 2104 1286 2138 suum
1329 2087 1488 2139 iniret
1527 2087 1657 2150 Ver,
1700 2104 1773 2138 ex

246 2199 310 2257 (k)
346 2200 602 2245 Consimile
629 2200 781 2245 existit
809 2200 857 2243 in
878 2207 1038 2244 nostro
1060 2201 1196 2257 Vere,
1218 2215 1312 2258 quo
1333 2214 1429 2244 non
1451 2201 1602 2244 solum
1623 2201 1772 2256 Vege—

184 2269 348 2314 tabilia
381 2283 436 2312 ex
473 2268 651 2313 semine
685 2276 764 2312 aut
795 2269 954 2313 radice
992 2268 1076 2312 sua
1111 2269 1474 2323 resuscitantur;
1517 2269 1600 2313 sed
1633 2269 1774 2312 etiam

184 2338 481 2382 Animalcula
520 2351 578 2381 ex
618 2337 783 2393 ovulis,
823 2338 1000 2381 vernali
1041 2338 1266 2395 temperie
1315 2338 1467 2393 solum
1507 2337 1692 2383 favente
1733 2337 1774 2381 δι

184 2407 435 2465 aspirante,
477 2406 782 2451 excluduntur
798 2422 810 2460 3
862 2420 1024 2450 verum
1064 2406 1144 2450 illa
1185 2406 1424 2462 duntaxat,
1465 2419 1571 2464 quae
1611 2414 1772 2451 aetates

185 2489 295 2520 suas
317 2490 411 2520 non
433 2476 554 2519 ultra
575 2475 721 2519 nostri
742 2475 891 2532 Veris,
914 2483 993 2519 aut
1016 2476 1157 2519 etiarn
1178 2476 1390 2532 AEstatis,
1412 2477 1649 2532 terminos,
1671 2489 1773 2533 pro-

186 2544 374 2589 ducunt.
416 2544 689 2588 Animantia
704 2557 813 2587 vero
830 2543 1011 2600 majora
1026 2544 1074 2587 in
1088 2544 1357 2588 continuato
1371 2545 1501 2588 nasci
1519 2544 1775 2588 debuerant

186 2615 322 2670 Vere,
345 2614 633 2659 diuturnitati
661 2627 823 2658 eorum
851 2613 1061 2657 infantiae
1089 2613 1132 2657 δε
1158 2614 1266 2668 vitae
1294 2613 1704 2671 correspondente,
1725 2620 1775 2657 ut

185 2684 487 2741 postmodum
512 2683 616 2740 ipsa
644 2682 903 2740 potuissent
932 2696 1041 2726 suos
1069 2682 1209 2726 foetus
1239 2682 1498 2740 concipere,
1519 2682 1774 2738 excludere,

185 2753 229 2797 &
249 2753 479 2798 educere:
510 2753 552 2796 &
584 2752 651 2796 sic
682 2766 765 2809 per
795 2752 1041 2796 continuos
1072 2753 1210 2808 fotus,
1234 2752 1276 2796 &
1307 2753 1524 2796 ardentes
1556 2766 1702 2807 curas,
1726 2751 1774 2794 in

186 2822 351 2880 seipsis
372 2822 539 2867 referre
560 2822 814 2878 imaginem
832 2821 1038 2865 continui
1057 2821 1098 2865 δε
1113 2822 1324 2878 perpetui
1341 2821 1464 2865 illius
1481 2821 1631 2877 Veris,
1649 2819 1775 2878 quod

185 2891 260 2935 his
298 2891 396 2948 ejus
431 2891 611 2934 aemulis
646 2890 847 2947 primam
882 2889 1120 2946 origenem
1156 2890 1377 2934 dedisset.
1456 2891 1619 2935 Unum
1655 2890 1774 2934 sicut

187 2960 387 3012 alterurn
406 2959 708 3004 manifestum
731 2957 918 3003 Divinae
942 2959 1254 3005 Providentiae
1276 2967 1346 3004 est
1368 2959 1713 3004 documentum.
