2106 3450
643 975 894 1026 SECTIO
943 976 1292 1035 SECUNDA,

199 1106 344 1200 DE
413 1105 931 1174 INFANTIA
999 1104 1728 1187 PRIMOGENITL

199 1257 201 1259 i
746 1263 855 1317 Seu
905 1261 1190 1314 ADAMI.

924 1411 1004 1464 39·

340 1524 349 1548 s
416 1530 438 1538 *
467 1520 473 1523 “
505 1513 704 1566 EDIA
746 1520 863 1565 erat
908 1531 1037 1576 nox,
1083 1513 1132 1565 81
1176 1513 1311 1566 Caeli
1349 1513 1542 1577 sidera,
1587 1513 1753 1565 etiam

489 1596 492 1602 ’
538 1601 693 1668 quasi
719 1599 1061 1668 applausura,
1084 1599 1202 1666 jam
1230 1615 1338 1651 non
1374 1599 1548 1650 nitida
1581 1599 1755 1666 fulge-

535 1686 670 1738 bant
703 1685 835 1750 sace,
861 1685 959 1736 sed
992 1686 1234 1752 quodam
1266 1683 1525 1736 flammeo
1560 1685 1755 1752 jubare

260 1764 277 1779 ¹
323 1756 365 1809 ’Ἄ
436 1795 490 1810 ἡ
534 1771 896 1823 coruscabant
911 1788 924 1836 ;
949 1772 1115 1822 etiam
1137 1770 1325 1822 sistere
1341 1771 1607 1823 ardebant
1627 1789 1754 1823 suos

174 1857 360 1925 lapsus
393 1858 466 1910 ad
499 1875 766 1921 occasum,
793 1874 983 1909 verum
1020 1856 1239 1908 Aurora
1277 1857 1333 1908 in
1372 1874 1532 1908 suum
1571 1864 1752 1909 ortum

176 1945 439 1996 festinans
481 1943 695 2011 fulgura
738 1942 831 1994 illa
875 1942 1216 2005 attenuabat,
1254 1941 1303 1993 &
1347 1950 1596 1994 actutum
1638 1943 1753 1995 Soli

173 2029 455 2097 aperiebat
480 2029 642 2080 diem.
719 2027 1163 2082 Circumstabant
1194 2028 1428 2092 CaeliteS‚
1456 2036 1517 2080 ut
1544 2029 1752 2081 dictum

175 2123 272 2179 est,
297 2115 345 2168 &
364 2115 476 2167 suis
502 2114 796 2166 flammulis
822 2115 1087 2177 vitabant,
1110 2131 1179 2166 ne
1205 2114 1340 2165 radii
1368 2113 1506 2165 alius
1531 2114 1753 2166 luminis

175 2201 410 2269 primam
443 2199 606 2268 hujus
641 2200 757 2268 ejus
794 2200 924 2252 vitae
962 2199 1140 2251 lucem
1182 2199 1572 2251 accenderent:
1615 2200 1754 2251 laeti-

176 2286 354 2338 ficatae
377 2287 560 2350 etiam,
577 2287 726 2353 quod
747 2286 1039 2349 Infantem,
1060 2285 1288 2338 Generis
1307 2286 1478 2337 totius
1503 2286 1751 2338 Humani

177 2372 608 2441 Primogenitum
629 2371 677 2423 &
697 2371 881 2439 Spem,
903 2372 1297 2439 conspicarent,
1315 2372 1512 2439 supino
1530 2380 1753 2439 pectore

177 2458 228 2510 &
269 2476 374 2524 ore,
417 2459 617 2511 teneris
664 2458 1005 2526 complicatis
1056 2457 1105 2509 &
1156 2458 1226 2509 ad
1275 2457 1471 2509 caelum
1523 2458 1753 2510 sublatis

175 2544 386 2612 palmiS,
414 2545 723 2607 cubantem,
751 2543 951 2595 labella
985 2560 1204 2611 quoque
1239 2544 1604 2607 motitantem‚
1632 2552 1753 2596 tan-

176 2647 342 2698 quam
379 2630 710 2699 Supremum
747 2629 1101 2683 Conditorem
1140 2646 1409 2697 suumque
1449 2630 1752 2691 Parentem,

176 2715 278 2768 sub
295 2716 477 2784 specie
492 2717 795 2783 purissimae
808 2715 1106 2784 gratiarum
1122 2716 1368 2776 actioniS‚
1387 2716 1535 2783 quod
1555 2716 1753 2767 Mundi

177 2802 455 2870 opificium
482 2802 536 2853 in
562 2819 621 2853 se
641 2802 758 2868 jam
785 2801 1182 2868 complevisset,
1211 2818 1321 2852 non
1349 2809 1535 2853 mente
1561 2801 1753 2864 solum,

177 2880 274 2939 sed
294 2889 460 2940 etiam
481 2889 723 2955 quodam
742 2887 933 2940 habitu
956 2887 1005 2939 &
1024 2888 1280 2939 consocio
1298 2895 1457 2955 gestu
1481 2887 1752 2955 CorporiS,

175 2981 534 3027 veneraretur.
