2106 3450
365 267 446 309 124
602 255 831 300 CAPUT
866 257 1264 315 SECUNDUM,
1305 259 1549 305 SECTIO
1588 260 1682 304 III.

361 377 507 442 quod
537 377 718 428 Mater
744 386 942 443 nostra,
975 380 1331 448 ImaginibuS‚
1359 398 1430 432 ex
1461 381 1604 434 Solis
1637 380 1843 432 lumine
1879 379 1928 433 81

361 462 554 514 umbra
601 463 892 530 productiS,
939 483 1001 517 ac
1045 467 1400 533 postmodum
1442 468 1497 517 in
1545 467 1707 518 Ideas
1748 468 1930 531 versis,

356 548 543 610 vitam,
573 565 644 599 ex
671 550 898 612 suamet,
928 568 1094 618 quam
1123 569 1193 602 ex
1230 552 1365 603 caelo
1399 552 1594 615 haurit,
1623 553 1763 604 sicut
1796 552 1929 615 dixi,

359 685 654 741 perspicuum
684 693 768 739 est,
800 685 925 742 quod
958 685 1047 736 hoc
1081 685 1327 741 Spirituale
1358 699 1452 729 non
1483 686 1531 728 in
1565 686 1792 730 Memoria
1823 700 1932 731 con-

361 754 569 810 cipiatur,
591 754 632 797 δε
652 754 789 798 ab-ea
809 755 1088 809 excludatur,
1111 769 1221 797 nam
1242 755 1331 797 nisi
1354 755 1465 798 dum
1487 755 1613 811 prius
1643 755 1689 798 in
1722 755 1932 800 Intellec-

360 824 507 866 tuales
548 838 577 866 a
619 825 779 867 Mente
819 823 1158 867 transformatae
1193 823 1374 879 fuerint,
1410 824 1457 867 in
1497 824 1738 868 Memoriae
1772 838 1933 868 recon-
1997 815 2003 826 '

362 891 591 946 ditorium,
614 906 709 935 non
730 893 1023 936 remittuntur
1042 907 1050 935 :
1084 893 1394 949 perliquidum
1415 893 1556 936 etiam
1578 901 1661 948 est,
1683 893 1808 950 quod
1829 893 1932 950 ipsa

361 969 520 1005 nostra
559 963 709 1017 Mens,
740 975 835 1004 non
870 975 926 1005 ex
962 975 1012 1005 se
1050 961 1310 1017 Spiritualis
1340 970 1451 1005 nata
1482 962 1553 1017 sit,
1585 976 1695 1005 nam
1725 970 1934 1019 tempore

362 1044 458 1073 suae
499 1030 705 1073 infantiae
745 1030 872 1073 nulla
912 1037 996 1084 est,
1029 1030 1112 1073 sed
1148 1043 1255 1073 cum
1290 1030 1424 1073 annis
1456 1031 1498 1074 &
1528 1039 1666 1075 aetate
1695 1031 1859 1076 crescit
1889 1031 1932 1076 δι

361 1099 615 1151 adolescit3
648 1099 812 1142 exhinc
837 1098 937 1155 jam
969 1099 1186 1154 sequitur,
1208 1099 1333 1154 quod
1361 1099 1493 1155 origo
1523 1099 1621 1155 ejus
1654 1113 1748 1143 non
1780 1099 1828 1142 in
1858 1099 1932 1144 his

361 1168 536 1212 semitis
559 1176 636 1211 aut
652 1167 766 1211 vicis
789 1167 1061 1224 inquirenda
1082 1168 1156 1222 sit,
1170 1168 1252 1211 sed
1273 1169 1396 1224 quod
1414 1168 1534 1212 intra
1555 1176 1634 1212 aut
1655 1183 1795 1225 supra
1809 1169 1932 1214 hanc

363 1237 585 1290 Mentem,
608 1250 712 1293 quae
734 1236 991 1280 Rationalis
1013 1244 1092 1280 aut
1117 1236 1445 1281 Intellectualis
1467 1237 1647 1294 dicitur,
1663 1238 1934 1282 enitendum

360 1305 432 1360 sit,
455 1306 496 1348 δε
518 1305 580 1349 ibi
602 1305 973 1362 perquirendum,
994 1305 1183 1348 ubinam
1209 1305 1250 1349 &
1279 1305 1515 1349 undenam
1547 1306 1794 1362 Spirituale
1819 1306 1939 1351 illud-

358 1388 463 1419 cum
504 1375 598 1418 suis
634 1375 802 1418 finibus
838 1374 1078 1418 descendit
1097 1390 1108 1427 ;
1150 1389 1294 1431 quum
1334 1374 1491 1432 itaque
1525 1375 1764 1431 paululum
1792 1389 1932 1433 supra

362 1444 484 1487 hanc
521 1444 767 1501 sphaeram,
804 1457 908 1500 quae
949 1451 1109 1487 nostra
1152 1444 1460 1499 Intelligibilis
1495 1451 1579 1498 est,
1616 1444 1846 1499 enitimur,
1883 1458 1935 1489 se

363 1513 498 1556 nobis
535 1512 666 1556 offert
701 1513 851 1569 prima
887 1520 965 1556 aut
1007 1525 1220 1568 suprema
1264 1513 1479 1569 Corporis
1522 1513 1796 1568 substantia,
1830 1526 1935 1570 quae

363 1581 535 1624 Anima
556 1581 734 1636 dicitur,
751 1595 855 1638 quae
875 1594 969 1623 non
993 1581 1142 1624 solum
1158 1589 1228 1624 est
1249 1581 1420 1624 Anima
1444 1581 1674 1637 Corporis,
1690 1581 1770 1626 sed
1794 1582 1935 1626 etiam

363 1650 534 1692 Anima
564 1650 707 1706 ipsius
738 1649 874 1706 hujus
908 1650 1096 1704 Mentis,
1127 1649 1188 1692 ad
1219 1663 1373 1706 quam,
1403 1658 1453 1693 ut
1485 1650 1660 1693 dictum
1690 1658 1774 1706 est,
1809 1650 1934 1695 ldeae

363 1727 535 1762 nostrae
570 1718 856 1762 ascendunt:
898 1718 1034 1774 hujus
1071 1718 1342 1761 substantiae
1379 1718 1580 1762 essentia
1611 1718 1653 1762 &
1683 1718 1834 1762 forma
1864 1726 1935 1763 est

364 1788 627 1844 spiritualis,
659 1801 764 1844 quae
795 1787 842 1829 in
873 1787 1086 1830 universo
1118 1801 1202 1830 suo
1236 1787 1439 1843 Corpore
1469 1787 1605 1830 unice
1634 1787 1759 1843 vivit,
1781 1787 1824 1831 &
1852 1801 1936 1844 per

363 1870 518 1913 quam,
549 1856 664 1898 nihil
694 1869 803 1910 non,
835 1855 959 1912 quod
992 1855 1208 1911 Corporis
1240 1863 1324 1910 est,
1354 1856 1497 1898 vitam
1528 1869 1674 1911 suam,
1695 1855 1934 1912 quodlibet

363 1925 617 1969 secundum
649 1938 780 1967 suam
811 1924 1021 1979 formam,
1054 1924 1179 1979 agit:
1220 1937 1312 1980 qua
1342 1923 1519 1967 ratione
1550 1923 1628 1967 illa
1658 1923 1750 1967 dici
1780 1931 1934 1980 potest

363 1993 512 2037 forma
532 1993 781 2036 formarum
804 1992 873 2035 sui
897 1992 1141 2049 Corporis:
1195 1993 1313 2035 Cum
1344 1991 1499 2048 itaque
1529 1991 1628 2035 haec
1660 1991 1934 2046 substantia,

363 2062 491 2118 cujus
533 2061 734 2105 essentia
773 2068 845 2104 est
885 2060 1149 2117 spiritualis,
1187 2073 1266 2104 seu
1306 2060 1490 2114 Anima,
1528 2060 1574 2103 in
1615 2060 1841 2116 supremis
1876 2074 1932 2104 ac

303 2119 308 2126 ¹
364 2130 538 2173 intimis
567 2129 636 2172 sui
666 2129 815 2185 Regni
846 2128 1029 2182 residet,
1051 2129 1269 2186 sequitur,
1291 2128 1416 2185 quod
1445 2142 1527 2184 per
1552 2129 1688 2183 hanc,
1709 2136 1933 2185 tanquam

364 2199 423 2241 ab
445 2199 548 2254 hac,
569 2198 729 2242 influat
753 2198 998 2255 Spirituale
1019 2198 1145 2253 illud,
1168 2197 1293 2254 quod
1321 2197 1547 2252 Naturali,
1569 2212 1651 2254 per
1677 2198 1803 2241 viam
1831 2211 1934 2241 sen-

365 2281 511 2321 suum,
549 2267 769 2322 illabenti‚
808 2267 1018 2322 occurrit,
1056 2280 1110 2309 ac
1145 2266 1268 2310 idem
1310 2266 1527 2322 Corporis
1563 2266 1695 2322 quasi
1731 2265 1933 2322 hospitio

365 2335 544 2391 excipit,
567 2336 609 2379 δε
630 2336 672 2378 ei
700 2336 857 2386 oscula
876 2335 1060 2392 jungit3
1092 2335 1243 2392 ipsum
1273 2335 1361 2379 hoc
1391 2335 1643 2391 hospitium
1674 2348 1755 2378 seu
1785 2334 1934 2378 diver-

366 2404 539 2447 sorium
560 2412 631 2448 est
652 2405 795 2461 ipsius
817 2405 1089 2449 intellectus.
1153 2405 1225 2446 Ex
1247 2404 1321 2447 his
1343 2404 1442 2461 jam
1471 2410 1676 2460 apparet,
1697 2403 1934 2460 quomodo

364 2472 475 2516 bina
495 2473 573 2515 illa
597 2473 807 2528 Lumina,
831 2473 1056 2517 Naturale
1077 2473 1251 2517 scilicet
1273 2473 1314 2516 &
1343 2472 1603 2529 Spirituale‚
1624 2485 1706 2528 per
1726 2471 1932 2515 diversas

363 2541 462 2584 vias
493 2541 700 2596 influunt,
735 2542 776 2584 &
807 2549 912 2597 post
945 2555 1125 2584 sacram
1156 2541 1383 2598 copulam,
1415 2548 1512 2584 tam
1544 2540 1742 2583 illustres
1779 2540 1934 2584 conci-

364 2610 496 2667 piunt
516 2610 680 2666 proles,
703 2623 807 2666 quae
832 2610 1026 2654 totidem
1049 2617 1154 2653 sunt
1176 2609 1442 2653 intuitiones
1465 2608 1639 2663 finium,
1662 2608 1755 2651 suis
1778 2608 1932 2652 causis

365 2678 676 2723 mediantibus
693 2678 956 2723 adsociatae.
998 2679 1091 2722 Sed
1108 2678 1217 2733 scio,
1235 2678 1359 2735 quod
1378 2678 1494 2721 sicut
1511 2677 1673 2732 caligo,
1693 2677 1932 2722 Mentibus

364 2748 533 2792 nostris
555 2748 802 2803 obversari,
822 2748 1015 2804 proinde
1037 2748 1299 2805 scrupulum
1320 2747 1506 2803 injicere
1527 2753 1680 2803 queat,
1696 2746 1932 2802 quomodo

366 2817 451 2861 soli
490 2816 734 2860 Luminum
770 2817 887 2859 radii
925 2817 1112 2861 effectus
1148 2824 1244 2860 tam
1279 2816 1424 2859 reales
1454 2814 1635 2871 possint
1664 2813 1934 2871 producere,

366 2900 471 2930 cum
492 2885 770 2928 radiationes
793 2884 894 2928 istae
914 2886 974 2928 ab
996 2885 1188 2941 objectis
1210 2898 1304 2928 non
1330 2884 1421 2927 sint
1447 2883 1536 2926 nisi
1563 2882 1933 2927 modificationes

366 2954 589 2999 interfluae
609 2967 733 2997 aurae
750 2969 762 3007 ;
793 2967 951 2998 verum
971 2954 1046 2998 hic
1070 2953 1309 3010 scrupulus
1329 2952 1464 2996 facile
1481 2951 1728 3007 evanescit,
1745 2951 1933 3009 quando
