2106 3450
412 294 467 337 30
711 281 941 326 CAPUT
974 282 1275 339 PRIMUM,
1317 281 1562 328 SECTJO
1601 283 1695 327 [Π.

410 403 619 468 redire;
659 403 708 455 &
747 404 970 454 demum
1011 405 1231 471 propria
1268 405 1457 456 altrice
1494 405 1697 468 relicta,
1730 422 1802 457 ex
1841 421 1989 457 corn-

411 489 563 540 muni
585 489 700 555 ejus
721 490 977 556 prosapia
998 498 1094 541 aut
1115 491 1283 541 domo
1305 492 1510 542 victum
1531 491 1634 542 sibi
1656 491 1990 558 conquirere·

415 574 525 626 Hic
551 575 813 626 naturalis
839 576 997 642 quasi
1033 576 1323 627 instinctus
1357 577 1649 643 unicuique
1683 575 1889 644 plantae
1921 575 1992 627 ab

411 661 530 728 ipso
557 662 765 712 semine
791 662 967 712 inerat
989 679 1001 726 ;
1041 678 1170 712 nam
1192 662 1339 713 intus
1359 663 1414 713 in
1435 663 1707 713 seminum
1727 661 1991 729 genitrice

412 748 609 797 natura
627 746 753 797 talis
776 745 996 797 delituit
1016 748 1167 797 nisus
1189 747 1237 798 ἃ
1255 755 1510 811 conatus;
1537 747 1767 815 proinde
1784 746 1992 813 aliquid

409 833 597 883 vivum
623 833 676 882 in
712 849 822 882 non
856 833 995 895 vivo,
1024 849 1118 882 seu
1156 832 1460 884 animatum
1497 833 1551 884 in
1587 850 1694 884 non
1729 833 1990 894 animat0,

411 917 560 983 quod
602 934 660 968 se
694 918 918 968 demum
953 917 1256 968 recluderet
1291 917 1340 968 ἃ
1379 920 1627 985 aperiret.
1704 919 1852 969 Nam
1879 918 1990 969 duo

412 1010 541 1054 sunt
582 1003 867 1069 Principia,
903 1003 1045 1053 inter
1081 1019 1139 1053 se
1178 1011 1298 1054 toto
1334 1004 1472 1054 caelo
1511 1005 1785 1067 distincta,
1819 1019 1990 1055 unum

414 1088 682 1140 Naturale
725 1089 779 1139 in
816 1106 874 1138 se
909 1096 1201 1150 mortuum,
1237 1089 1470 1140 alterum
1513 1089 1809 1157 Spirituale
1843 1091 1899 1140 in
1933 1105 1992 1140 se

410 1175 596 1226 vivum
617 1174 688 1242 (q)
713 1189 724 1235 ;
768 1175 909 1236 Hoc,
928 1174 1359 1241 singularissime
1386 1175 1439 1225 in
1462 1176 1783 1242 unoquoviS,
1805 1174 1853 1227 &
1873 1175 1991 1226 uni-

411 1261 691 1311 versaliter
733 1261 789 1310 in
835 1260 1092 1310 omnibus
1136 1277 1387 1327 regnanS,
1428 1260 1726 1312 efficienter
1763 1262 1892 1328 agit,
1930 1268 1991 1312 ut

414 1346 627 1396 Natura
654 1361 764 1395 non
793 1345 893 1395 nisi
923 1362 1089 1411 quam
1117 1363 1246 1396 usus
1272 1347 1500 1413 respiret
1528 1345 1577 1397 &
1604 1347 1868 1409 intendat,
1895 1363 1990 1398 seu

412 1448 578 1483 causa
623 1430 1007 1481 subordinetur
1050 1448 1244 1493 causae,
1288 1430 1336 1482 &
1381 1432 1458 1482 sic
1500 1432 1618 1498 ipsa
1662 1433 1827 1483 series
1868 1447 1994 1498 pro-

413 1517 692 1585 grediatur
743 1517 814 1567 ad
859 1533 987 1567 suos
1037 1516 1277 1569 effectus
1356 1517 1591 1568 Proinde
1635 1517 1753 1584 jam
1802 1517 1993 1569 Tellus

475 1618 538 1675 (q)
573 1618 710 1675 Quod
740 1618 832 1661 duo
866 1617 1099 1674 Principia
1129 1618 1247 1662 inter
1275 1632 1325 1662 se
1347 1619 1698 1663 distinctissima
1720 1619 1826 1676 sint,
1846 1633 1992 1663 unum

417 1687 655 1740 Naturale,
673 1686 864 1729 alterum
886 1686 1145 1742 Spirituale,
1162 1700 1217 1729 ex
1238 1687 1468 1742 omnibus,
1487 1688 1564 1744 qui
1583 1696 1847 1744 sequuntur,
1862 1688 1992 1742 locis,

415 1769 465 1799 se
487 1756 639 1811 ipsum
662 1755 895 1798 concludit
918 1754 959 1797 δε
981 1755 1269 1799 demonstrat
1288 1771 1300 1808 ;
1331 1763 1428 1799 tum
1451 1756 1576 1812 quod
1607 1757 1831 1801 Naturale
1858 1770 1992 1800 suum

415 1818 567 1867 ortum
588 1839 617 1867 a
641 1824 748 1867 Sole
773 1823 953 1878 Mundi,
980 1823 1226 1879 Spirituale
1247 1838 1355 1867 vero
1372 1839 1401 1867 a
1424 1826 1573 1869 Fonte
1594 1825 1738 1881 ipsius
1758 1826 1895 1882 Vitae,
1911 1839 1993 1869 seu

419 1894 644 1949 Supremo
677 1892 896 1947 Numine,
919 1891 1185 1936 immediate
1215 1900 1379 1936 sumat.
1440 1894 1547 1949 Jam
1572 1894 1711 1937 modo
1733 1894 1861 1937 filum
1882 1909 1927 1938 n.
1950 1893 1991 1938 6.

415 1969 509 2005 not.
529 1959 587 2017 (b)
608 1961 843 2015 inceptum
860 1960 999 2003 velim
1015 1974 1247 2004 resumere
1269 1961 1310 2004 &
1331 1962 1612 2017 continuare,
1629 1962 1709 2005 ubi
1731 1962 1790 2006 de
1805 1963 1994 2006 Formis

415 2029 619 2072 A⁷aturce
639 2037 795 2071 actum
817 2036 899 2083 est,
915 2027 956 2070 δε
973 2029 1162 2084 quidem
1178 2029 1340 2073 ultimo
1358 2029 1416 2073 de
1433 2030 1647 2086 suprema
1663 2030 1776 2086 ejus,
1793 2031 1994 2074 Coelestzk

417 2099 571 2142 dicta:
617 2098 709 2140 illae
747 2098 943 2152 Formae,
980 2111 1061 2140 seu
1099 2098 1159 2140 ab
1194 2098 1268 2141 his
1301 2106 1352 2142 ut
1387 2099 1575 2142 Viribus
1616 2107 1793 2143 naturae
1827 2099 1992 2143 activis

416 2166 623 2210 oriundae
645 2166 997 2221 Atmosphaerae,
1017 2174 1122 2209 sunt
1145 2180 1306 2209 omnes
1325 2167 1604 2223 inanimatae,
1620 2167 1736 2211 sicut
1753 2168 1867 2211 nihil
1882 2182 1992 2222 non,

416 2236 542 2292 quod
578 2250 607 2278 a
651 2235 768 2290 Sole,
806 2235 883 2290 qui
919 2235 1199 2278 naturalium
1234 2235 1337 2278 fons
1374 2243 1458 2289 est,
1494 2243 1646 2279 ortum
1681 2250 1816 2279 suum
1850 2236 1990 2281 ducit.

416 2306 590 2348 Verum
605 2318 743 2360 supra
755 2304 877 2346 hanc
895 2304 1113 2346 Formam
1134 2305 1327 2347 Naturae
1341 2318 1620 2360 supremam,
1635 2318 1714 2348 seu
1733 2305 1993 2361 Caelestem,

416 2382 489 2418 est
511 2375 682 2416 Forma
698 2380 918 2428 perpetuo
939 2372 1164 2428 Caelestis,
1182 2387 1264 2416 seu
1283 2373 1630 2428 SPIRITUALIS,
1643 2373 1716 2417 cui
1737 2373 1852 2416 nihil
1872 2374 1992 2419 inest

416 2443 507 2486 nisi
531 2442 785 2495 Infinitum,
807 2456 862 2484 ex
883 2441 1168 2485 eradiatione
1190 2442 1334 2497 ipsius
1359 2441 1479 2485 Solis
1510 2442 1644 2497 Vitae,
1667 2442 1785 2486 sicut
1813 2450 1991 2487 caeterae

416 2512 478 2555 ab
499 2510 783 2555 eradiatione
808 2510 927 2553 Solis
954 2510 1133 2563 Mundi,
1157 2510 1413 2554 scaturiens
1433 2526 1443 2562 ;
1476 2524 1580 2567 quae
1600 2510 1708 2566 quia
1727 2511 1993 2556 immediate

418 2581 516 2624 fluit
543 2581 604 2623 ab
638 2579 827 2621 Infinito
858 2592 939 2622 seu
970 2579 1031 2621 ab
1062 2578 1163 2634 ipso
1194 2580 1312 2633 Deo,
1336 2579 1413 2635 qui
1436 2580 1560 2623 solus
1589 2581 1706 2634 EST,
1728 2579 1833 2624 ideo
1863 2580 1910 2623 in
1942 2595 1993 2626 se

417 2650 558 2701 vivit3
590 2656 751 2704 estque
774 2647 852 2689 illa
880 2661 985 2703 quae
1015 2647 1212 2690 Animas
1244 2647 1498 2691 viventium
1527 2648 1589 2691 ad
1620 2662 1716 2691 suae
1745 2649 1852 2692 vitae
1881 2663 1992 2693 usus

417 2717 618 2768 animat3
651 2729 745 2758 non
767 2714 893 2770 quod
914 2714 1085 2757 Anima
1105 2715 1376 2758 universalis
1394 2715 1465 2771 sit,
1482 2716 1564 2760 sed
1581 2716 1792 2759 animans
1814 2730 1869 2760 ea
1890 2732 1993 2774 quae

417 2786 479 2830 ad
514 2784 824 2841 receptionem
859 2783 968 2826 vitae
1002 2791 1114 2826 nata
1149 2784 1363 2840 factaque
1394 2791 1527 2838 sunt3
1570 2785 1839 2841 unaquaevis
1869 2788 1995 2831 enim

416 2855 588 2898 Anima
607 2861 677 2897 est
702 2851 972 2896 Substantia
992 2865 1075 2907 per
1096 2865 1159 2907 se,
1177 2866 1293 2909 quae,
1318 2853 1435 2896 sicut
1459 2853 1690 2896 Essentiae
1710 2854 1943 2899 naturales
1965 2869 1995 2898 a

418 2924 513 2968 suis
545 2922 699 2978 Auris,
730 2921 794 2965 ita
828 2921 931 2964 haec
966 2935 995 2964 a
1031 2920 1129 2977 sua,
1163 2930 1212 2965 ut
1247 2922 1391 2966 vitam
1427 2936 1559 2965 suam
1594 2922 1736 2977 vivat,
1771 2932 1994 2980 perpetuo

415 2992 650 3037 excitatur.
