2106 3450
336 245 395 302 64
604 248 831 293 CAPUT
867 247 1266 305 SECUNDUM,
1311 248 1551 293 SECTIO
1589 248 1656 292 II.

336 369 604 422 similibus
642 371 757 434 alis,
787 370 841 421 in
876 389 1012 438 quas
1047 389 1106 422 se
1141 371 1377 434 libraret,
1407 388 1466 422 se
1500 388 1618 422 esse
1653 369 1912 432 cinctum,

337 456 555 507 credere
576 455 909 507 inducebant
927 455 1006 523 (e).
1064 455 1335 507 Caelicolae
1357 457 1513 518 enim,
1535 471 1717 506 coram
1738 453 1909 506 oculis

339 541 503 609 puris,
555 558 618 592 ac
669 541 960 604 mentibuS,
1011 559 1044 593 a
1094 543 1321 592 terrenis
1370 541 1661 603 amoribuS,
1710 539 1909 602 vacuiS,

340 626 556 694 quidvis
582 634 986 693 repraesentare,
1013 626 1060 677 81
1086 626 1249 677 simul
1276 644 1383 690 eaS,
1401 643 1524 693 qu0,
1543 626 1708 686 lubet,
1727 624 1911 676 studio

342 712 391 764 &
419 712 630 774 ardore,
657 705 945 763 incendere
971 719 1193 778 queunt.
1249 712 1354 762 His
1380 711 1598 763 ludicris
1623 709 1913 762 adblandi-

343 797 556 862 mentis,
586 797 634 848 &
666 797 893 847 amaenis
929 796 1162 859 fasciniS,
1193 797 1381 847 Infans
1415 804 1612 858 noster,
1642 797 1784 846 intra
1817 794 1913 846 ali-

343 890 479 950 quot
516 883 727 934 dierum
763 881 955 948 spatia,
985 881 1039 930 in
1079 880 1221 932 talos
1258 888 1488 944 evectuS,
1525 881 1596 932 ad
1634 881 1826 934 Sidera
1865 879 1912 931 81

345 968 557 1021 Caelum
597 974 778 1018 erecto
814 965 984 1028 vultu,
1023 966 1314 1017 incedebat
1336 983 1347 1030 ;
1394 983 1493 1017 nec
1532 983 1671 1028 eum,
1700 965 1749 1017 &
1784 973 1913 1017 tunc

341 1071 501 1120 aegre,
552 1053 841 1103 demittere
891 1051 1128 1112 volebat,
1181 1051 1283 1101 nisi
1336 1068 1506 1118 quum
1562 1051 1695 1103 cibis
1753 1067 1917 1117 super

343 1156 537 1190 omnes
563 1138 798 1189 Telluris
826 1154 1042 1188 mensas
1063 1137 1268 1203 paratis
1287 1137 1447 1199 vesci,
1469 1136 1637 1188 solius
1660 1136 1916 1204 Corporis

344 1224 621 1276 reficiendi
647 1224 825 1286 causa,
855 1223 1179 1289 discuperet.

417 1320 502 1375 45.
541 1309 653 1360 Sed
674 1308 792 1359 haec
813 1307 990 1358 solum
1013 1315 1168 1358 erant
1188 1307 1485 1373 proscenia,
1509 1324 1572 1358 ac
1592 1324 1689 1374 per
1709 1314 1916 1358 naturae

348 1395 465 1463 ejus
513 1405 740 1456 amoreS‚
786 1393 1231 1459 inaugurationes
1279 1392 1652 1444 Musculorum
1697 1393 1752 1443 in
1794 1409 1920 1443 suas

347 1482 487 1534 vires
522 1481 730 1532 activas
765 1479 813 1530 ἃ
845 1479 1116 1542 motriceS,
1144 1485 1310 1544 atque
1345 1494 1674 1545 organorum
1710 1478 1764 1528 in
1801 1475 1920 1528 se'n-

348 1566 576 1619 sationis
612 1582 723 1615 suae
764 1563 958 1614 modos
979 1580 991 1627 ;
1030 1563 1348 1630 cumprimis
1385 1563 1440 1613 in
1473 1563 1722 1630 gratiam,
1754 1570 1922 1630 atque

348 1651 737 1713 obedientiam,
757 1649 991 1700 Vicariae
1021 1648 1068 1699 ἃ
1097 1649 1514 1700 succenturiatae
1542 1649 1760 1711 MentiS,
1782 1665 1920 1715 quae,

351 1735 630 1788 rationalis
656 1735 850 1796 futura,
881 1733 1170 1784 Intellectu
1200 1733 1249 1784 δι
1275 1733 1578 1785 Voluntate
1604 1733 1923 1785 adornanda

415 1848 468 1905 (e)
505 1849 622 1891 Sunt
658 1846 848 1903 quidam
885 1846 1030 1902 ipsius
1066 1853 1243 1889 naturae
1277 1846 1494 1902 Corporis
1524 1846 1734 1901 Amores,
1765 1845 1843 1902 qui
1873 1858 1925 1889 se

354 1918 561 1963 omnium
582 1917 731 1973 primo
754 1916 800 1958 in
822 1929 980 1958 recens
1003 1915 1124 1958 natis
1147 1915 1460 1971 manifestant,
1484 1916 1657 1959 scilicet
1677 1915 1924 1972 appetendi

354 1988 446 2043 illa,
484 2000 587 2043 quae
624 1985 682 2027 ad
719 1984 938 2027 unionem
974 1983 1175 2039 partium
1211 1984 1253 2026 &
1284 1984 1535 2027 formarum
1569 1984 1786 2041 Corporis
1817 1997 1926 2027 con-

356 2055 681 2101 stabiliendam
713 2053 754 2096 δε
784 2052 1161 2096 restabiliendam
1194 2053 1503 2106 contribuunt,
1527 2053 1642 2096 sicut
1667 2053 1926 2107 alimonias,
1973 2062 1976 2066 ⁴

356 2138 461 2182 quae
483 2122 776 2177 conveniunt,
798 2129 847 2165 ut
868 2121 1013 2164 lactes
1036 2121 1077 2164 &
1099 2120 1270 2163 similia
1288 2137 1299 2174 ;
1333 2121 1435 2177 ipsa
1462 2129 1637 2164 naturae
1659 2121 1924 2177 indigentia,

357 2207 462 2251 quae
490 2206 539 2235 se
563 2206 645 2248 per
671 2190 826 2233 famen
857 2190 899 2232 δε
931 2189 1067 2244 sitim,
1090 2189 1224 2245 eique
1257 2189 1523 2245 adjunctam
1555 2190 1853 2246 cupiditatem
1883 2189 1925 2232 &

357 2261 714 2307 oblectationem
745 2258 910 2315 prodit,
932 2259 1055 2300 hunc
1087 2272 1294 2301 amorem
1326 2259 1506 2314 excitat,
1527 2273 1613 2302 nec
1642 2258 1790 2301 solum
1817 2272 1927 2314 erga

357 2333 461 2389 ipsa
480 2329 649 2383 media,
672 2327 756 2371 sed
776 2327 917 2371 etiam
939 2340 1048 2381 erga
1069 2340 1235 2370 causas
1257 2327 1516 2370 mediantes
1539 2327 1579 2370 ἃ
1599 2327 1928 2380 ministrantes,

358 2401 477 2443 sicut
498 2411 608 2453 erga
628 2397 868 2450 Alumnas,
891 2394 1015 2451 quod
1037 2408 1086 2437 se
1108 2394 1335 2450 imprimis
1360 2395 1656 2438 manifestum
1675 2395 1826 2438 reddit
1846 2408 1929 2451 per

360 2467 562 2524 speciem
594 2465 686 2508 odii
714 2462 1021 2518 indignationi
1044 2461 1233 2518 junctae,
1264 2462 1397 2519 quasi
1425 2463 1623 2519 invidiae,
1655 2477 1758 2519 quae
1783 2463 1928 2506 amori

359 2537 436 2580 isti
458 2534 688 2579 contraria
709 2539 779 2576 est
799 2531 995 2585 affectio,
1010 2530 1196 2587 quando
1219 2531 1287 2574 sui
1312 2530 1483 2574 similes
1505 2531 1702 2576 infantes
1718 2532 1765 2574 in
1789 2531 1928 2575 Geni-

360 2605 487 2649 tricis
521 2610 599 2645 aut
634 2601 849 2643 Alumnae
882 2599 1035 2642 sinum
1066 2599 1207 2642 etiam
1241 2599 1534 2656 adoptantur.
1598 2600 1724 2643 Inter
1752 2607 1929 2643 naturae

361 2686 542 2718 amores
565 2671 704 2714 etiam
726 2668 989 2713 referendus
1011 2675 1080 2710 est
1097 2682 1227 2711 amor
1249 2682 1359 2723 erga
1380 2668 1450 2711 sui
1473 2668 1644 2711 similes
1666 2668 1928 2723 infantulos,

362 2757 473 2787 nam
494 2756 543 2785 se
566 2739 698 2796 quasi
720 2738 767 2780 in
795 2737 898 2791 illis,
921 2737 962 2779 &
991 2736 1058 2779 sic
1087 2725 1325 2793 quandam
1352 2737 1585 2792 unionem,
1607 2737 1934 2793 conspicantur

365 2813 406 2857 δι
424 2809 707 2869 percipiunt3
738 2819 869 2849 amor
888 2805 1013 2848 enim
1034 2813 1103 2848 est
1119 2805 1303 2848 affectio
1326 2805 1524 2860 unionis,
1539 2807 1580 2848 δι
1601 2806 1705 2849 talis
1726 2820 1857 2849 amor
1876 2820 1933 2851 ex

363 2883 459 2926 vita
493 2878 668 2922 Animae
690 2876 735 2918 in
765 2875 916 2931 ipsam
948 2874 1163 2930 Corporis
1192 2882 1419 2929 naturam,
1439 2874 1518 2918 ubi
1549 2875 1650 2932 ipsa
1679 2888 1761 2931 per
1791 2874 1933 2919 fibras

363 2963 470 2994 suas
492 2945 823 3001 omnipraesens
845 2949 929 2997 est,
951 2941 1135 2989 diffusa.
1156 2942 1358 2988 resultat.
