2106 3450
473 271 573 316 DE
610 270 860 315 AMORE
899 270 1387 315 PRIMOGENITI.
1642 283 1719 326 131

142 370 361 444 ducitur
398 391 566 455 Ordo,
602 400 731 443 tunc
771 391 905 442 nihil
943 398 1059 442 tam
1099 391 1491 458 complicatum
1533 391 1581 443 &
1629 393 1724 443 ab-

143 486 382 530 strusum
410 486 506 541 est,
533 478 682 545 quod
710 494 820 528 non
847 477 1159 544 explicatur
1193 476 1242 528 &
1282 477 1566 540 evolvitur,
1594 495 1724 552 nam
1800 527 1803 530 Α

142 571 227 615 est
250 565 369 632 ipsa
396 564 539 626 LuX,
562 580 685 631 quae
712 563 881 626 videt,
907 562 956 615 &
983 563 1103 630 ipsa
1122 562 1221 614 Vis
1243 563 1401 626 Viva,
1421 580 1545 630 quae
1573 566 1690 631 agit
1712 581 1722 615 :

144 699 294 756 qualis
316 699 392 744 ille
413 699 527 744 ordo
544 699 616 755 sit,
632 699 673 743 &
690 699 840 756 qualis
861 699 1079 754 Influxus,
1096 699 1355 743 secundum
1371 713 1478 744 eum
1501 700 1725 755 ordinem,

143 767 194 812 id
213 769 519 813 hauriendum
538 777 623 823 est,
644 782 673 812 a
696 769 934 812 Doctrinis
966 768 1155 811 Ordinis
1185 767 1227 811 &
1258 768 1514 823 Graduum,
1537 777 1636 812 tum
1664 771 1726 812 ab

147 837 421 892 Influxuum,
442 852 546 895 quae
567 838 832 882 excolendae
854 845 973 881 sunt.
1017 838 1086 881 Ut
1107 851 1216 881 vero
1238 838 1553 893 adumbretur,
1577 839 1727 895 qualis

142 906 202 950 sit
223 907 300 951 ille
323 906 465 962 Ordo,
488 907 529 951 ἃ
550 907 699 964 qualis
732 907 950 961 Influxus,
973 907 1217 951 sciendum
1245 915 1329 961 est,
1353 907 1481 963 quod
1512 908 1671 951 Priora
1699 922 1728 951 a

146 976 498 1031 Posterioribus,
520 991 601 1021 seu
630 977 878 1033 Superiora
904 977 965 1020 ab
998 976 1312 1031 Inferioribus,
1336 990 1387 1021 se
1414 991 1601 1033 prorsus
1633 977 1725 1021 dis-

143 1045 370 1102 tinguant,
385 1045 502 1090 sicut
523 1046 638 1102 ipsae
663 1047 858 1101 Formae,
873 1060 1068 1102 quarum
1091 1060 1183 1088 una
1203 1046 1352 1101 gignit
1373 1046 1595 1099 alteram;
1623 1060 1728 1103 quae

144 1114 293 1172 gignit
314 1123 392 1158 aut
413 1129 580 1172 parens
603 1123 686 1171 est,
702 1115 780 1158 illa
795 1115 1107 1177 dicitur-prior
1126 1123 1206 1158 aut
1228 1115 1460 1171 superior;
1494 1130 1598 1172 quae
1619 1130 1727 1160 vero

143 1184 360 1240 gignitur,
381 1184 607 1241 posterior
636 1194 716 1228 aut
747 1184 963 1236 inferior3
996 1192 1075 1228 aut
1106 1184 1145 1227 si
1176 1184 1279 1227 loco
1310 1184 1565 1227 formarum
1597 1185 1727 1229 dicas

148 1253 459 1308 Substantias,
475 1252 640 1298 eodem
662 1267 735 1297 res
758 1254 920 1298 recidit
940 1268 949 1296 ε
985 1254 1261 1310 Supremam
1284 1254 1504 1296 Formam
1527 1254 1726 1299 diximus

148 1321 475 1379 Spiritualem;
508 1322 551 1366 ei
579 1322 853 1378 proximam,
881 1336 984 1379 quae
1012 1323 1174 1366 ordine
1204 1309 1424 1379 se'quitur,
1450 1324 1725 1377 Caelestem3

145 1391 311 1435 exinde
355 1391 600 1435 Inferiores
642 1392 779 1435 simili
829 1392 1128 1447 generatione
1173 1401 1424 1447 exsurgunt
1472 1407 1619 1450 usque
1666 1394 1728 1436 ad

145 1461 372 1517 ultimam,
393 1474 498 1518 quae
518 1461 782 1516 Angularis,
803 1461 986 1517 proprie
1013 1463 1276 1516 Terrestris,
1303 1462 1538 1518 Corporea
1560 1463 1601 1506 δι
1626 1464 1728 1506 Ma-

145 1530 336 1587 terialis,
353 1530 531 1585 dicitur,
548 1530 649 1574 haec
673 1531 882 1574 similiter
903 1531 950 1573 in
974 1531 1232 1587 superiores
1254 1545 1309 1573 ac
1333 1531 1585 1587 inferiores,
1609 1532 1728 1575 sicut

145 1599 326 1655 activae,
348 1599 636 1656 dispescitur,
655 1600 713 1643 de
735 1613 827 1656 qua
848 1614 897 1644 re
918 1590 1051 1643 infra.
1095 1600 1224 1643 Talis
1241 1599 1342 1656 jam
1363 1608 1433 1643 est
1457 1602 1585 1644 Ordo
1611 1603 1728 1645 Sub-

147 1669 452 1722 stantiarum;
504 1669 761 1713 secundum
801 1669 924 1713 hunc
970 1670 1188 1726 Corporis
1229 1670 1376 1713 nostri
1420 1670 1728 1726 Organismus

147 1738 382 1782 institutus
404 1746 474 1782 est
492 1754 503 1791 ;
536 1752 677 1794 quare
698 1738 872 1782 Anima
894 1739 941 1782 in
963 1740 1124 1795 primis
1147 1738 1188 1782 &
1218 1739 1445 1794 supremis
1475 1740 1543 1782 sui
1577 1741 1727 1796 Regni

146 1820 251 1851 esse
281 1806 459 1862 dicitur,
478 1806 557 1850 ubi
589 1806 751 1850 formae
783 1807 1033 1864 spiritualis
1064 1816 1164 1860 est;
1197 1821 1253 1851 ex
1283 1808 1372 1850 hac
1406 1816 1600 1864 caeterae,
1624 1823 1728 1865 quae

146 1890 231 1933 per
251 1875 562 1919 successivam
582 1876 931 1931 generationem
954 1877 1088 1920 unius
1111 1877 1171 1920 ab
1188 1876 1347 1931 altera,
1366 1876 1561 1921 induunt
1585 1879 1728 1934 quali—

146 1953 290 1989 tatem
317 1944 569 1988 formarum
597 1946 906 2002 sequentium,
929 1960 1034 2003 quae
1063 1946 1167 1990 ideo
1196 1947 1339 1990 etiam
1371 1947 1618 1991 Inferiores
1647 1962 1728 1991 seu

148 2015 431 2060 Posteriores
452 2024 789 2072 nuncupantur.
836 2017 939 2072 Quo
963 2016 1125 2059 ordine
1148 2016 1236 2059 sibi
1256 2017 1439 2059 Formae
1458 2017 1728 2071 succedunt,

144 2099 202 2130 eo
223 2087 364 2130 etiam
385 2085 659 2143 qualitatum
682 2086 723 2129 δε
744 2086 1016 2129 facultatum
1039 2086 1245 2129 omniurn
1268 2086 1573 2142 perfectiones
1593 2103 1604 2140 3
1645 2088 1728 2131 Su-

145 2156 349 2212 periores
377 2154 502 2198 enim
533 2155 577 2198 iu
612 2169 662 2199 se
693 2155 735 2199 &
766 2156 851 2198 sua
883 2155 1062 2210 natura,
1084 2154 1261 2198 infinite
1294 2156 1588 2210 perfectiores
1621 2168 1728 2200 sunt

145 2223 436 2268 inferioribus
459 2224 506 2266 in
529 2237 579 2267 se
601 2224 642 2267 &
664 2224 748 2266 sua
769 2224 957 2278 natura3
990 2223 1115 2280 quod
1132 2223 1327 2279 quisque
1345 2238 1399 2266 ex
1418 2225 1517 2267 sola
1539 2239 1727 2280 genera-

144 2294 272 2338 tione
293 2293 547 2349 intelligere
569 2301 733 2350 potest.
780 2293 873 2337 Sed
890 2290 1108 2350 quaeritur
1123 2293 1223 2349 jam
1241 2293 1390 2350 qualis
1408 2303 1477 2337 est
1498 2295 1726 2347 Influxus3

145 2377 239 2406 una
261 2363 433 2406 Forma
453 2376 535 2419 per
558 2377 607 2406 se
632 2377 724 2406 non
743 2363 790 2405 in
806 2362 997 2406 alteram
1017 2362 1178 2417 influit,
1194 2377 1303 2405 nam
1321 2363 1446 2419 prior
1462 2378 1542 2406 seu
1561 2378 1727 2420 parens

145 2432 242 2488 agit
272 2422 414 2475 modo
445 2432 672 2476 rationem
704 2445 858 2475 causae
889 2432 1091 2486 alterius,
1122 2445 1202 2475 seu
1234 2432 1392 2476 tribuit
1423 2433 1465 2476 ei
1497 2442 1726 2488 naturam,

144 2508 224 2544 aut
261 2500 342 2544 dat
378 2501 648 2557 potentiam,
681 2500 747 2544 sic
783 2500 826 2544 &
857 2500 990 2543 aliter
1021 2501 1278 2545 secundum
1309 2501 1531 2546 influxum
1560 2503 1727 2547 virium

144 2570 402 2615 activarum
423 2570 593 2626 agendi
616 2586 624 2614 :
655 2571 718 2614 At
745 2583 907 2613 omnes
929 2570 1062 2613 Vires
1091 2570 1269 2624 activae,
1293 2584 1397 2627 quae
1424 2572 1511 2615 has
1539 2572 1726 2628 formas,

143 2647 194 2684 ut
234 2639 384 2683 nudas
424 2640 673 2696 potentias,
709 2640 908 2683 excitare
949 2639 1136 2694 debent,
1171 2640 1456 2684 extrinsecus
1499 2641 1726 2694 influunt;

145 2709 265 2753 sicut
293 2708 340 2752 in
374 2710 578 2752 Primam
609 2719 817 2752 nostram
849 2722 930 2752 seu
961 2709 1195 2760 Animam,
1227 2708 1330 2765 ipsa
1366 2710 1489 2763 Vita,
1521 2725 1625 2767 quae
1655 2721 1727 2756 est

146 2777 353 2820 omnium
388 2777 473 2821 Vis
509 2778 646 2830 viva3
693 2778 741 2820 in
782 2778 976 2821 alteram
1018 2777 1239 2831 similiter,
1281 2778 1364 2821 sed
1404 2779 1606 2822 mediate
1646 2794 1728 2835 per

147 2845 370 2902 Spiritum
393 2847 648 2900 Divinum3
680 2861 791 2889 nam
819 2846 1015 2889 totidem
1044 2855 1151 2890 sunt
1174 2847 1307 2891 Vires
1336 2848 1514 2902 activae,
1537 2858 1649 2903 quot
1678 2850 1726 2892 in

145 2915 282 2959 nobis
313 2917 545 2973 potentiae,
579 2931 660 2960 seu
694 2917 825 2959 Vires
857 2916 1069 2972 passivae,
1099 2915 1157 2959 de
1189 2917 1368 2972 quibus,
1391 2918 1572 2960 volente
1606 2919 1724 2971 Deo,

146 2985 307 3029 ordine
348 2999 431 3029 suo
472 2986 707 3042 agendum
745 2994 816 3030 est
838 3001 845 3029 :
901 2985 991 3028 Hae
1034 2985 1167 3029 Vires
1208 2993 1328 3042 sunt,
1371 2999 1474 3043 quae
1517 2986 1725 3044 influunt,
