2106 3450
419 336 517 381 DE
560 335 884 392 CONJUGJO
918 335 1400 398 PRIMOGENJTJ.
1637 347 1690 392 25

134 457 360 526 Spiralis
387 458 546 521 dicta,
573 474 671 525 per
693 457 1049 508 variationem
1085 475 1328 511 nexuum
1366 459 1696 526 situumque,

130 561 352 596 omnem
390 543 594 595 laetitiae
632 550 742 594 tuae
780 543 834 593 in
869 542 1211 609 voluptatem
1251 545 1538 612 explicatae
1571 562 1696 612 pro-

131 630 482 697 gressionem,
503 630 557 680 in
582 627 748 695 plano
774 628 894 691 ist0‚
915 629 1205 695 conspicue
1230 630 1482 692 delineat,
1504 630 1552 681 &
1573 647 1704 689 eam,

131 715 294 767 simul
329 714 571 780 explicat
608 713 663 763 in
702 713 883 765 risum.
959 713 1146 764 Tertia
1183 731 1312 765 vero
1351 716 1565 777 Forma,
1594 715 1698 767 Su-

128 817 317 868 prema
368 797 647 850 Naturalis
693 816 786 849 seu
837 797 1210 850 infracaelestis
1252 807 1465 862 vocata,
1503 801 1696 851 Animi

130 886 355 952 ejusque
378 885 663 952 geniorum
690 884 922 952 propria,
951 901 1075 951 quae
1109 884 1427 936 immediate
1464 885 1699 952 imperat

131 1038 332 1083 Musculi
354 1045 588 1094 vocantur,
613 1039 885 1083 Elevatores
909 1038 1041 1082 Labii
1062 1038 1322 1096 superioris,
1338 1038 1476 1095 vulgo
1495 1039 1697 1096 Risores,

130 1107 356 1163 Incisorii,
373 1108 551 1163 Canini,
574 1108 911 1164 Zygomaticus,
934 1108 1253 1164 >Myrtiformis,
1269 1108 1348 1164 qui
1372 1110 1502 1152 Naso
1525 1109 1696 1153 adscri-

126 1177 262 1233 bitur,
283 1185 383 1222 tum
403 1177 546 1222 etiam
573 1178 867 1232 Buccinator,
891 1177 932 1220 δε
962 1191 1097 1232 porro
1131 1177 1526 1221 Semiorbicularis
1561 1179 1698 1222 Labri

61 1279 63 1281 -
128 1246 387 1303 superioris.
456 1246 629 1302 Tertia,
651 1260 680 1289 a
703 1246 1075 1289 Semiorbiculari
1102 1246 1233 1288 Labii
1261 1246 1486 1290 inferioris
1516 1247 1699 1290 initium

129 1316 266 1373 capit,
288 1316 363 1359 cui
383 1315 944 1371 accedunt·Triangularis
967 1316 1008 1358 δε
1032 1314 1295 1370 Quadratus
1318 1330 1327 1358 :
1357 1323 1407 1359 ut
1428 1323 1699 1372 praeteream

131 1384 371 1428 Musculos
410 1383 611 1428 minores
648 1398 678 1426 a
718 1383 858 1426 variis
900 1384 1123 1438 detectos,
1159 1397 1213 1427 ac
1250 1383 1327 1440 qui
1364 1384 1511 1428 indies
1546 1385 1696 1441 detegi

127 1461 314 1510 queunt,
347 1460 571 1510 quatenus
604 1453 740 1496 unius
781 1452 982 1496 hominis
1019 1453 1160 1496 facies
1200 1467 1430 1510 nusquam
1471 1454 1697 1498 similibus

128 1522 233 1577 situ,
254 1522 585 1578 magnitudine,
608 1521 877 1578 quantitate,
900 1521 1165 1578 directione,
1198 1536 1253 1566 ac
1284 1523 1485 1578 alterius,
1511 1524 1697 1579 gaudet,

126 1605 184 1635 ex
204 1591 396 1647 ratione,
417 1591 526 1648 quia
545 1598 613 1635 tot
640 1590 805 1634 Vultus
837 1598 955 1646 sunt,
979 1598 1090 1647 quot
1120 1591 1294 1646 Animi,
1316 1592 1358 1635 δε
1388 1592 1548 1635 Animi
1585 1601 1698 1650 quot

130 1660 310 1718 Capita,
332 1674 411 1704 seu
436 1660 676 1704 Homines.
731 1660 867 1716 Quod
887 1667 978 1704 tres
998 1660 1227 1716 Regiones
1246 1660 1351 1716 sint,
1365 1661 1474 1705 inde
1491 1670 1695 1718 apparet,

128 1729 255 1788 quod
278 1729 477 1773 Musculi
496 1729 632 1772 unius
652 1729 851 1784 regionis
874 1729 1123 1785 separatim
1144 1729 1321 1786 absque
1345 1731 1567 1774 Musculis
1587 1731 1698 1775 alte-

126 1799 221 1843 rius
241 1799 289 1842 in
310 1805 488 1842 motum
508 1797 711 1853 excitari,
734 1812 816 1841 seu
835 1797 1044 1841 contrahi
1073 1798 1115 1841 δι
1141 1797 1340 1854 expandi
1371 1807 1556 1855 queant,
1580 1800 1698 1844 sicut

127 1867 366 1912 evidenter
385 1867 434 1910 in
455 1867 642 1923 speculo
670 1880 827 1910 coram
858 1867 960 1923 ipso
990 1866 1106 1922 visu,
1127 1867 1334 1923 experiri,
1358 1867 1399 1910 ἃ
1430 1868 1496 1911 sic
1528 1881 1696 1923 cogno-

93 1950 98 1955 ’
129 1950 257 1981 scere
275 1937 396 1980 licet.
460 1935 662 1979 Musculi
686 1935 853 1978 Primae
876 1935 1096 1991 Regionis
1119 1944 1225 1980 sunt
1247 1950 1530 1990 communes,
1544 1938 1697 1981 minus

128 2018 410 2060 communes,
431 2004 744 2061 particulares,
767 2004 808 2047 δε
828 2003 1237 2060 particularissimi,
1260 2004 1321 2047 ad
1350 2019 1485 2048 usum
1510 2019 1696 2062 prorsus

127 2074 352 2132 dispositi,
374 2074 629 2118 secundum
659 2073 840 2129 regulas
874 2073 1114 2117 Doctrinae
1147 2074 1350 2130 Ordinis,
1379 2075 1631 2131 Graduum,
1654 2075 1696 2119 &

128 2143 372 2188 Societatis
395 2159 406 2188 :
434 2157 593 2187 eorum
614 2142 739 2186 enim
755 2142 1120 2186 communissimi
1142 2150 1249 2187 sunt
1271 2144 1524 2199 Frontales,
1542 2145 1696 2187 minus

126 2226 396 2258 communes
428 2219 534 2256 sunt
571 2212 899 2267 Corrugatores
937 2212 1300 2267 superciliorum,
1334 2212 1383 2255 hi
1417 2227 1445 2255 a
1480 2214 1694 2257 Musculo

129 2282 248 2326 Nasi
271 2280 550 2338 Pyramidali
572 2280 779 2323 oriuntur
799 2294 808 2322 :
832 2280 897 2323 sic
918 2287 968 2323 ut
989 2287 1081 2322 tres
1103 2279 1178 2323 isti
1202 2281 1401 2324 Musculi
1416 2283 1694 2326 communis-

127 2351 246 2395 simo
268 2349 473 2394 Frontali
495 2348 779 2393 subordinati
802 2348 908 2402 sint,
930 2362 1036 2391 cum
1056 2362 1148 2404 quo
1168 2348 1310 2392 etiam
1330 2363 1412 2405 per
1427 2350 1566 2394 fibras
1585 2365 1693 2394 con-

125 2420 231 2474 nexi
272 2419 616 2463 communicant
639 2432 648 2460 :
699 2417 1079 2472 Corrugatoribus
1121 2418 1465 2474 superciliorum
1501 2420 1694 2477 subjecti

126 2496 233 2534 sunt
270 2488 563 2532 Orbiculares
601 2500 681 2530 seu
721 2485 1126 2530 Semiorbiculares
1163 2486 1485 2543 palpebrarum
1522 2490 1693 2545 superi-

127 2572 292 2611 orum;
321 2557 394 2600 his
423 2564 578 2600 autem
611 2554 805 2611 subjecti
841 2562 920 2598 aut
955 2555 1239 2598 subordinati
1276 2563 1383 2599 sunt
1420 2557 1692 2603 Elevatores

127 2627 449 2685 palpebrarum
486 2625 772 2682 superiorum
789 2642 801 2678 3
844 2623 893 2666 hi
934 2637 1095 2667 omnes
1132 2625 1331 2668 Musculi
1364 2626 1425 2669 ad
1457 2634 1693 2670 externam

127 2710 266 2753 opem
284 2695 525 2740 ferendam
549 2694 720 2748 Oculis,
738 2707 794 2736 ac
814 2693 879 2736 ita
900 2692 1016 2735 visui
1037 2692 1367 2750 famulandum,
1381 2696 1693 2752 principaliter

127 2764 269 2808 dicati
290 2772 407 2819 sunt,
429 2777 540 2806 nam
561 2762 714 2806 cuncti
734 2774 893 2805 versus
924 2760 1201 2817 Palpebram
1233 2764 1513 2819 superiorem
1545 2765 1690 2808 deter-

127 2832 373 2876 minantur.
435 2830 572 2888 Quod
610 2829 811 2873 Musculi
845 2828 1013 2872 mediae
1055 2830 1276 2885 Regionis
1317 2832 1596 2887 conspirent,
1630 2833 1691 2876 ad

126 2915 262 2945 usum
291 2900 528 2945 ferendum
561 2899 800 2956 Palpebrae
830 2897 1044 2952 inferiori,
1067 2898 1107 2941 δε
1132 2899 1267 2942 simul
1288 2900 1433 2943 Labio
1456 2901 1690 2957 superiori,

128 2970 321 3028 quisque
353 2983 434 3026 per
469 2968 615 3012 solam
648 2966 975 3024 experientiam
1003 2966 1051 3008 in
1079 2967 1278 3024 speculo,
1301 2969 1342 3012 &
1364 2968 1430 3012 sie
1452 2969 1552 3026 ipso
1575 2970 1688 3026 visu,

127 3051 209 3096 per
228 3045 384 3082 actum
402 3036 571 3094 vivum,
593 3035 894 3092 contemplari
911 3042 1075 3092 potest.
