2106 3450
419 225 518 269 DE
555 223 899 268 INFANTIA
944 224 1423 291 PRIMOGENITJ.
1655 233 1704 279 55

135 349 454 418 spiciebant,
497 349 540 400 si
585 347 717 415 quid
761 365 793 399 a
837 346 1100 415 suppetiis
1146 364 1178 397 a
1225 348 1421 398 natura
1468 346 1703 397 ferendis

137 434 512 498 omitteretur;
552 433 766 484 Natura
804 449 914 483 non
954 433 1102 499 prius
1146 448 1301 483 suam
1343 432 1705 498 spontaneam

139 520 427 571 intermisit
464 535 701 586 operam,
741 535 906 585 quam
945 518 1077 568 dum
1113 516 1352 585 pupillus
1391 516 1567 567 infans
1605 517 1705 567 sub

135 605 398 672 obsequio
431 611 659 656 suaemet
695 604 899 655 Mentis
930 604 1030 654 sibi
1066 603 1167 670 ipsi
1202 602 1511 670 prospicere
1546 619 1705 668 posse

137 690 421 743 videretur.
499 692 766 742 Praeterea
797 689 1056 742 Caelestes
1085 689 1377 751 Custodiae,
1406 696 1466 739 ut
1490 705 1708 755 corpus-

137 775 322 828 culum
367 777 422 827 in
463 775 568 827 hoc
609 776 929 842 obsequium
975 775 1133 826 citius
1176 781 1454 837 cresceret,
1496 775 1709 825 suamet

138 862 418 931 adspirata
448 863 648 914 virtute
684 861 732 913 &
768 861 984 928 adjecta
1018 862 1268 928 potentia
1301 860 1712 923 accelerabant3

141 965 241 1000 nec
285 948 463 1000 solum
513 948 716 999 circum
761 948 901 999 circa
943 954 1151 999 stantes
1196 948 1244 998 ei
1288 947 1574 1009 vacabant,
1617 947 1712 997 sed

139 1033 308 1086 etiam
335 1036 390 1086 in
417 1034 747 1102 ipsissimum
777 1033 1187 1101 Corpusculum,
1215 1033 1440 1100 ejusque
1474 1050 1714 1084 recessus

140 1120 319 1173 adhuc
335 1120 717 1172 umbratilibus
736 1120 1067 1171 membranis
1089 1119 1377 1181 involutOS‚
1396 1137 1453 1170 se
1470 1119 1715 1171 infunde-

139 1207 307 1259 bant:
371 1206 697 1260 Caelestibus
736 1207 881 1256 enim
918 1206 1046 1273 quia
1086 1205 1355 1256 Essentiae
1394 1205 1715 1272 Spirituales

141 1300 282 1356 sunt,
311 1294 365 1344 in
397 1292 590 1344 intima
623 1309 795 1359 usque
831 1291 1154 1358 penetrandi
1187 1292 1347 1357 copia
1381 1290 1554 1354 datur,
1584 1290 1717 1342 nihil

141 1379 302 1443 enim,
319 1378 468 1445 quod
495 1384 705 1428 naturae
728 1384 821 1440 est,
841 1376 1041 1440 obstat,
1060 1393 1188 1427 nam
1215 1367 1428 1427 sicut'in
1450 1378 1716 1443 supremis

143 1465 309 1516 etiam
331 1464 385 1514 in
406 1463 612 1515 intimis
629 1470 772 1525 sunt,
790 1463 901 1513 imo
919 1462 1086 1514 etiam
1109 1478 1232 1513 cum
1255 1463 1490 1530 ipsamet
1510 1461 1718 1513 Anima

144 1551 444 1617 Menteque
479 1549 758 1616 quandam
798 1548 1076 1599 societatis
1118 1548 1166 1600 &
1207 1548 1441 1615 loquelae
1479 1549 1718 1615 speciem

136 1635 409 1704 jungunt:
466 1634 569 1687 hac
619 1635 806 1702 itaque
856 1633 1107 1696 salutata,
1154 1633 1370 1701 singula
1419 1652 1542 1701 quae
1588 1635 1720 1686 inibi

143 1723 397 1790 organice
445 1729 604 1773 texta
654 1728 822 1784 erant,
874 1720 1228 1783 rimabantur,
1278 1721 1545 1787 imprimis
1596 1739 1722 1788 quae

142 1810 338 1861 intima
381 1808 497 1875 ejus
537 1807 786 1860 Sacraria
823 1807 1325 1874 circumstipabant‚
1364 1806 1569 1859 scilicet
1604 1808 1720 1875 ejus

144 1894 449 1962 Olympum
498 1894 554 1944 in
598 1910 815 1944 summo
859 1893 1060 1944 vertice
1104 1893 1508 1957 adumbratum,
1555 1911 1719 1960 quem

145 1980 530 2055 Intelligentiis
580 1997 644 2031 ac
697 1978 951 2031 Scientiis
1002 1978 1351 2030 incolendum
1403 1980 1720 2031 addicturus

144 2074 287 2119 esset
299 2065 367 2134 (z)
391 2084 404 2131 ;
443 2083 707 2135 perquam
726 2065 1059 2128 exhilaratae,
1079 2066 1227 2132 quod
1247 2082 1372 2116 eum
1394 2067 1464 2117 ad
1486 2066 1719 2133 effigiem

206 2179 266 2245 (z)
301 2181 397 2225 Ubi
431 2180 508 2224 hic
548 2180 789 2236 Olympus,
827 2193 908 2224 seu
952 2180 1130 2223 Caelum
1174 2179 1604 2235 Intelligentiarum,
1642 2188 1721 2224 aut

145 2250 327 2306 clarius,
348 2249 537 2293 ubinam
562 2250 698 2292 Mens
719 2256 878 2292 nostra
899 2248 1236 2303 intellectualis,
1257 2248 1442 2303 residet,
1464 2262 1559 2292 non
1588 2249 1723 2292 datur

144 2320 272 2364 aliud
301 2319 506 2363 medium
541 2318 865 2374 investigandi,
896 2332 1038 2374 quam
1070 2326 1118 2361 ut
1149 2331 1396 2374 sequamur
1426 2318 1550 2374 ipsas
1582 2318 1722 2361 fibras

143 2403 292 2446 usque
322 2388 383 2432 ad
414 2402 547 2431 suum
577 2387 790 2430 ultimum
821 2387 862 2430 &
892 2386 1093 2442 primum
1123 2386 1399 2430 terminum:
1431 2400 1540 2429 nam
1570 2387 1721 2430 omnis

145 2466 305 2502 nostra
342 2457 555 2501 Sensatio
591 2457 653 2499 ad
684 2456 898 2499 intimum
930 2470 1063 2498 suum
1097 2456 1309 2508 Sensum,
1341 2456 1383 2499 &
1414 2455 1522 2499 inde
1552 2456 1613 2499 ad
1648 2457 1722 2498 In-

145 2527 393 2583 tellectum,
423 2526 678 2570 secundum
706 2525 860 2580 fibras,
892 2539 995 2581 quae
1026 2525 1257 2568 Sensoriae
1286 2524 1513 2579 dicuntur,
1542 2525 1720 2579 transit,

146 2597 212 2641 ita
232 2610 262 2639 a
281 2595 383 2638 visu
406 2594 541 2638 Oculi
570 2609 651 2650 per
677 2594 818 2636 fibras
850 2593 992 2637 Nervi
1024 2594 1195 2650 Optici,
1216 2594 1276 2636 ab
1309 2593 1495 2637 Olfactu
1525 2593 1720 2636 Narium

146 2679 230 2723 per
260 2664 539 2708 Olfactorias
571 2677 652 2707 seu
686 2664 934 2706 Processus
969 2662 1309 2716 Mammillaris,
1340 2662 1401 2705 ab
1436 2662 1608 2706 Auditu
1640 2676 1723 2718 per

147 2734 413 2778 Auditorias
444 2733 582 2777 duras
615 2733 656 2776 ἃ
687 2733 865 2787 molles,
887 2732 928 2775 δε
961 2732 1026 2775 sic
1057 2746 1205 2788 porro.
1267 2733 1334 2776 Ut
1361 2746 1470 2788 ergo
1498 2732 1720 2776 terminus

145 2804 326 2848 illarum
346 2803 520 2860 primus
549 2803 590 2846 &
617 2802 804 2845 ultimus
834 2801 1104 2856 inveniatur,
1131 2801 1382 2845 Cerebrum
1411 2801 1602 2844 omnino
1630 2808 1720 2844 tra-

142 2873 398 2930 jiciendum
428 2879 510 2927 est,
538 2886 625 2916 nec
656 2871 780 2927 prius
813 2884 952 2926 quarn
983 2870 1030 2912 in
1060 2869 1280 2913 fibrarum
1310 2870 1478 2913 finibus
1511 2870 1552 2913 ἃ
1585 2869 1720 2912 simul

149 2941 489 2986 inchoamentis
526 2939 902 2992 subsistendum,
944 2938 1137 2995 trajecto
1173 2939 1330 2995 itaque
1368 2952 1448 2983 seu
1479 2945 1722 2995 peragrato
