2106 3450
409 265 491 319 164
648 264 878 310 CAPUT
912 265 1310 323 SECUNDUM,
1351 266 1595 311 SECTIO
1634 265 1728 311 III.

405 393 533 438 sunt
582 385 749 438 facies
800 387 1124 454 Gorgonicae
1146 405 1159 452 ;
1213 387 1323 439 illae
1372 395 1677 440 externatae
1717 385 1976 455 aufugere.

403 471 679 536 volebant,
721 473 817 523 sed
856 489 928 524 ex
965 472 1175 539 jactatu
1218 473 1485 540 CorporiS,
1528 490 1702 524 comae
1743 472 1851 524 illae
1894 473 1974 524 in-

404 556 650 620 fernales,
691 557 839 608 sinus
882 574 946 608 ac
989 557 1155 608 facies
1197 557 1427 620 illarum,
1467 558 1792 625 pulsabant3
1847 558 1976 610 inde

404 650 669 710 tanquam
707 643 833 710 gelu
869 642 1236 710 obriguerunt,
1262 660 1327 695 ac
1360 645 1581 711 sanguis
1616 643 1814 711 frigore
1847 658 1975 695 con-

403 766 616 822 stimulis,
638 766 680 810 δε
708 766 845 810 simul
870 766 932 809 ab
958 774 1088 821 aestu,
1109 767 1292 810 mollior
1317 767 1506 823 sanguis
1536 767 1725 810 indurus
1746 765 1811 822 fit,
1831 766 1977 811 fervet

403 836 445 880 δε
466 835 673 891 ignescit,
689 835 917 891 palpitant
933 849 1027 878 non
1046 835 1195 878 solum
1214 836 1486 892 Praecordia,
1503 836 1586 880 sed
1601 836 1740 880 etiam
1756 834 1976 887 Arteriae3

402 904 496 947 imo
518 904 620 960 ipsa
648 904 810 946 Febris
839 917 945 947 cum
976 902 1061 946 sua
1090 904 1350 959 phrenitide
1381 918 1432 948 se
1461 905 1510 947 in
1540 904 1744 961 quadam
1774 903 1977 959 imagine

401 980 733 1030 repraesentat3
780 972 846 1015 sic
882 972 1010 1014 nulla
1044 972 1239 1015 minima
1272 986 1380 1029 pars
1419 973 1635 1030 Corporis
1666 980 1792 1016 caret
1821 971 1890 1015 ira
1918 985 1976 1017 ac

404 1049 535 1085 aestu.
596 1041 726 1083 Talis
766 1047 836 1083 est
879 1040 1302 1096 Correspondentia
1340 1041 1498 1084 Animi
1539 1041 1581 1084 δε
1620 1040 1838 1098 Corporis
1856 1055 1869 1094 ;
1919 1053 1975 1084 ac

403 1111 639 1167 utriusque
675 1109 971 1153 affectionum
1007 1123 1087 1152 seu
1116 1109 1417 1166 passionum;
1448 1117 1727 1167 quapropter
1757 1110 1796 1153 si
1824 1109 1975 1167 ipsam

406 1178 646 1234 Originem
669 1178 941 1221 Morborum
966 1177 1183 1234 Corporis
1207 1178 1485 1234 investigare
1504 1179 1713 1234 velimus,
1731 1179 1796 1222 ad
1821 1179 1974 1236 ipsum

402 1248 639 1303 Animum,
662 1254 743 1290 seu
763 1246 1023 1303 principem
1046 1246 1226 1301 Mundi,
1249 1247 1327 1303 qui
1349 1246 1571 1290 Animum
1590 1248 1721 1303 regit,
1741 1260 1976 1292 recurren-

403 1317 516 1360 dum
533 1324 604 1359 est
618 1331 630 1368 ;
652 1315 714 1358 da
730 1314 844 1357 mihi
862 1328 1019 1371 quaeso
1035 1329 1180 1358 unum
1195 1315 1422 1370 morbum,
1437 1329 1532 1359 non
1548 1316 1608 1359 ab
1622 1315 1976 1372 intemperantia

403 1399 459 1429 ac
480 1383 784 1442 praedominio
805 1383 978 1439 Animi,
1000 1383 1097 1427 sive
1117 1383 1166 1426 in
1189 1384 1386 1428 Parente
1408 1385 1505 1429 sive
1525 1385 1573 1428 in
1592 1385 1808 1440 Haerede,
1825 1384 1976 1428 oriun-

404 1454 530 1510 dam,
552 1453 593 1497 &
621 1452 737 1495 mihi
764 1452 854 1496 eris
881 1466 1077 1508 magnus
1106 1453 1304 1509 Apollo;
1336 1453 1378 1497 δε
1409 1467 1469 1498 ne
1498 1453 1688 1511 quidem
1717 1453 1976 1511 excipiendi

405 1531 511 1566 sunt
527 1522 676 1565 morbi
692 1536 721 1564 a
738 1521 935 1565 Casibus
949 1521 1145 1565 fortuitis
1162 1521 1424 1578 existentes,
1438 1537 1548 1566 nam
1563 1523 1705 1567 etiam
1721 1523 1824 1566 illos
1841 1536 1976 1567 casus

403 1591 717 1645 evitavissent,
754 1590 793 1633 si
826 1604 920 1634 non
954 1591 1040 1634 sub
1073 1598 1302 1647 potestate
1333 1591 1465 1635 istius
1500 1592 1720 1649 principis
1753 1591 1976 1645 fuissent3

404 1660 569 1704 exinde
599 1660 757 1716 liquet,
779 1658 903 1715 quod
933 1658 1129 1702 totidem
1160 1659 1252 1702 sint
1286 1660 1502 1716 Corporis
1536 1660 1704 1715 Morbi,
1729 1667 1842 1718 quot
1871 1668 1979 1704 sunt

406 1728 658 1783 Libidines,
680 1735 759 1771 aut
793 1727 1082 1783 Cupiditates
1112 1728 1270 1770 Animi
1301 1728 1348 1771 in
1378 1729 1639 1773 libertatem
1661 1729 1857 1784 emissae,
1878 1736 1978 1773 tum

404 1804 518 1853 quot
540 1804 646 1840 sunt
668 1795 965 1839 affectionum
985 1796 1218 1850 miscellae,
1241 1796 1360 1840 sicut
1381 1797 1503 1842 clare
1519 1812 1548 1840 a
1566 1799 1603 1840 F
1606 1798 1808 1854 ebribus,
1830 1797 1978 1841 omni·

403 1866 585 1922 busque
606 1878 764 1908 earum
786 1864 1042 1920 speciebus,
1059 1864 1254 1921 aliisque
1274 1866 1484 1921 patescit,
1501 1866 1619 1910 sicut
1634 1867 1694 1910 ab
1710 1866 1978 1910 ardentibus

405 1947 488 1978 seu
520 1932 751 1987 causticis,
780 1932 1001 1988 lippyriis‚
1032 1932 1182 1988 lentis,
1221 1933 1540 1990 colliquativis,
1574 1935 1804 1991 malignis,
1839 1935 1980 1979 inter—

405 2001 708 2056 mittentibus,
745 2015 773 2044 a
815 2001 994 2044 Morbis
1034 2002 1274 2057 maniacis,
1309 2003 1670 2059 melancholicis,
1711 2004 1977 2060 hypochon-

406 2071 589 2124 driacis,
612 2071 692 2114 &c.
715 2078 765 2113 ut
788 2070 938 2113 solum
962 2070 1141 2114 Deliria
1160 2070 1357 2114 febrium
1385 2073 1714 2128 expendamus,
1737 2073 1784 2116 in
1811 2073 1978 2130 quibus

407 2139 518 2195 aegri
548 2152 759 2195 perverse
791 2138 949 2181 omnia
978 2138 1181 2182 sentiunt
1212 2139 1254 2182 δε
1283 2139 1558 2196 percipiunt,
1580 2141 1814 2185 somniant
1845 2142 1979 2198 quasi

406 2208 582 2264 vigiles,
604 2208 856 2264 videntque
886 2221 981 2250 non
1011 2207 1125 2263 visa,
1145 2208 1339 2252 audiunt
1369 2223 1463 2252 non
1492 2209 1696 2266 loquuta,
1718 2210 1894 2254 faciunt
1923 2223 1979 2255 ex

406 2276 533 2319 nulla
563 2275 704 2319 causa
738 2283 787 2318 ut
819 2289 874 2318 ex
904 2274 1059 2331 causa,
1090 2275 1273 2331 plumas
1304 2276 1346 2319 &
1375 2276 1546 2320 floccos
1578 2278 1697 2321 sicut
1726 2285 1978 2334 praesentes

385 2387 388 2390 ⁴
407 2347 579 2402 legunt,
593 2346 726 2387 lanas
750 2351 1008 2398 secernunt,
1022 2344 1198 2388 amicos
1220 2345 1408 2390 horrent
1427 2353 1476 2389 ut
1497 2346 1652 2401 furias,
1666 2360 1834 2403 pueros
1851 2360 1978 2404 spec-

407 2422 510 2458 tant
544 2414 768 2469 gigantes,
802 2413 939 2456 obvia
972 2420 1022 2456 ut
1059 2421 1253 2469 spectra,
1290 2414 1372 2457 &c.
1445 2415 1601 2459 Verbo
1637 2429 1800 2459 omnes
1835 2416 1979 2459 animi

409 2483 676 2527 affectiones
716 2489 849 2537 typos
891 2481 960 2524 sui
1000 2481 1049 2524 in
1084 2482 1258 2525 morbis
1297 2483 1512 2540 Corporis
1549 2484 1760 2527 formant.
1833 2484 1980 2528 Aliter

408 2565 610 2608 prorsus,
633 2549 671 2592 si
701 2549 898 2592 Animus
928 2549 1109 2592 vinctus
1140 2556 1381 2604 teneretur,
1408 2551 1449 2594 δε
1479 2564 1508 2593 a
1540 2552 1714 2606 Mente,
1736 2551 1784 2594 id
1814 2559 1898 2606 est,
1919 2552 1979 2594 ab

409 2621 584 2663 Amore
626 2618 754 2673 Caeli,
788 2617 1102 2673 imperaretur.
1177 2619 1329 2662 Causa
1369 2633 1479 2675 ergo
1522 2620 1703 2673 Mortis,
1744 2634 1772 2662 a
1814 2620 1978 2664 Causis

413 2689 684 2732 Morborum
713 2686 911 2743 judicari
947 2687 1098 2743 debet,
1128 2701 1239 2730 nam
1269 2695 1381 2744 quot
1411 2703 1565 2732 causae
1598 2690 1881 2746 Morborum,
1910 2697 1979 2734 tot

411 2766 518 2801 sunt
555 2757 722 2800 Causae
757 2755 1080 2799 destructionis
1119 2756 1242 2799 Vitae
1284 2757 1541 2813 Corporeae.
1621 2757 1738 2801 Inde
1773 2766 1977 2815 apparet,

410 2826 644 2884 quomodo
672 2823 819 2868 hostis
848 2824 939 2878 ille,
961 2825 1039 2880 qui
1068 2825 1118 2869 se
1145 2833 1242 2868 tam
1271 2825 1471 2869 amicum
1498 2826 1633 2869 nobis
1661 2827 1851 2883 praebet,
1871 2828 1980 2872 tabe

410 2895 586 2938 inficiat
607 2900 755 2937 totum
783 2893 972 2948 Corpus,
995 2893 1112 2937 sicut
1142 2893 1366 2949 Mentem,
1388 2893 1429 2936 δε
1457 2894 1662 2938 discidiis
1691 2909 1854 2940 omnes
1880 2895 1978 2951 ejus

410 2977 553 3008 nexus
574 2968 770 3018 rumpat.
